2888 5204
152 204 173 284 3
181 202 230 285 52
399 160 625 260 Authoris
651 199 736 296 pro
762 159 805 257 se
831 155 1060 259 Defenfio
1311 32 1322 233 l

150 341 266 435 libro,
296 340 365 450 qui
385 336 407 419 d
430 367 495 418 me
522 335 797 418 ‘Tetrachordon
826 338 883 417 est
912 337 1138 446 inscriptae,
1162 360 1273 414 exues.

152 454 302 534 Poteris
321 453 393 548 ibi,
415 451 442 532 fi
462 451 573 543 libet,
592 449 753 544 discere,
776 476 898 556 quam
917 475 995 558 ego
1014 468 1131 529 tueor
1147 444 1275 527 senten·

150 566 263 657 tiam,
283 591 370 644 eam
391 582 431 643 et
450 562 614 643 Patrum
637 563 804 669 aliquot,
831 581 871 642 et
893 559 1147 641 summorum
1164 556 1278 750 me

150 675 452 783 Theologorum
467 675 623 768 Buceri,
638 674 767 782 Fagii,
780 671 1152 780 Martyris,Erasmi
1208 671 1217 687 '
1242 698 1279 761 e;

150 816 323 897 quorum
351 786 417 866 hic
436 786 541 892 justo
567 790 731 867 tractatu
753 783 1078 865 Phimostomurn
1103 783 1280 891 quendam

151 901 382 993 Ductorem,
404 900 462 977 tui
485 926 728 1008 comparem,
749 897 965 1006 eademque
985 894 1071 977 fere
1091 894 1282 1013 blatteran-

150 1031 233 1092 tem
249 1009 409 1091 refellit.
452 1011 605 1090 Interea
621 1037 699 1090 non
715 1011 839 1090 miror
850 1009 1024 1089 laborare
1040 1027 1082 1088 te
1102 1026 1284 1117 tantopere

151 1124 200 1204 de
215 1121 439 1202 inhibendis
457 1121 648 1217 divortiis,
660 1118 754 1202 cium
769 1121 1037 1202 animadverto
1051 1120 1177 1200 etiam
1191 1115 1284 1199 domi

152 1254 227 1316 tuae
251 1234 356 1315 haud
383 1233 468 1313 leve
492 1234 667 1314 accidere
691 1234 907 1315 divortium
930 1232 1078 1327 solere;
1110 1230 1285 1312 nimirum

44 1388 47 1393 ¹
152 1344 277 1428 sensds
310 1348 534 1427 communis
571 1347 620 1426 ab
652 1345 887 1454 loquacitate
918 1362 998 1424 tua.
1060 1344 1171 1456 Qis
1192 1342 1285 1423 enim

153 1460 296 1539 mentis
321 1486 485 1567 compos
514 1476 583 1538 aut
616 1456 811 1538 sententia
838 1456 911 1537 suae
934 1455 984 1536 fic
1014 1456 1223 1565 loquitur?
1246 1454 1285 1533 It
1323 1478 1325 1485 ·

154 1569 327 1676 Salmafio
357 1569 426 1649 vix
449 1568 518 1678 ipſs
544 1568 685 1651 inimici
706 1568 815 1650 aliud
833 1568 1046 1680 requirunt,
1072 1566 1188 1679 qudrrr
1208 1560 1289 1677 quad

137 1683 271 1791 fuerit
282 1680 509 1775 iracundior,
525 1698 563 1761 et
576 1680 670 1761 male
682 1679 915 1789 conjugatus.
947 1681 1087 1760 Patere
1101 1699 1142 1760 te
1155 1676 1285 1768 doceri,

152 1792 390 1887 doctorcule,
414 1793 522 1901 quod
547 1793 704 1902 pueruli
728 1793 863 1874 sciant.
921 1793 1021 1873 Non
1049 1791 1287 1901 requirebant

153 1906 212 1985 illi
232 1905 339 2015 quod
354 1904 446 1998 fuit,
464 1904 527 1984 sed
546 1906 653 2013 quod
674 1932 752 1985 non
769 1903 857 1985 fuit.
906 1904 979 1984 Ais
994 1930 1061 1984 me
1077 1904 1287 1985 Eunuchum

150 2018 274 2128 dixiffl
290 2016 520 2123 Salmaſsum,
537 2017 645 2125 quod
661 2045 862 2124 nunquam
876 2015 986 2096 dixi:
1007 2014 1109 2096 duos
1124 2035 1286 2096 tantum-

152 2133 273 2211 modo
282 2129 410 2209 versus
422 2157 472 2208 ex
482 2127 901 2209 EunuchiTerentiani
913 2124 1286 2240 prologodesumpfi,

153 2259 197 2320 ut
210 2243 417 2323 Scenicum
436 2240 623 2350 plorantis
639 2242 862 2334 exordium,
879 2259 919 2321 et
933 2238 1188 2320 lamentabile
1203 2238 1286 2319 ridi·

152 2355 290 2433 culum
307 2352 397 2446 risu,
412 2371 456 2431 ut
470 2382 539 2461 par
551 2371 647 2447 erat,
661 2354 901 2463 exciperem.
937 2350 1055 2432 Nihil
1058 2351 1182 2432 mrbus
1191 2376 1286 2462 quun

156 2467 377 2545 Eunuchum
397 2462 507 2543 suille
527 2465 721 2544 affirmas:
751 2466 792 2545 id
811 2464 899 2544 med
918 2461 1018 2543 nihil
1036 2463 1174 2544 refert.
1228 2462 1284 2541 Tu

153 2594 300 2669 tamen,
313 2576 409 2684 quid
427 2573 499 2654 hac
516 2578 556 2655 in
576 2594 686 2686 parte
705 2575 805 2657 solus
821 2596 902 2656 tam
921 2574 1103 2655 audacter
1122 2600 1285 2684 pronun·
1326 2640 1328 2649 .

151 2689 245 2782 cies,
265 2716 372 2766 cave.
432 2687 598 2767 Adedne
624 2688 762 2796 legum
785 2688 932 2767 nescius
957 2715 1001 2767 ac
1028 2686 1137 2768 rudis
1168 2714 1222 2779 es,
1250 2700 1285 2762 ut

153 2798 275 2879 ullam
289 2827 373 2877 rem
386 2796 586 2879 difficilius
603 2800 765 2909 probare
782 2819 818 2879 te
839 2798 943 2909 polle
958 2799 1035 2880 fine
1049 2797 1204 2879 duobus
1223 2794 1284 2876 tel-

153 2910 256 2991 tibus
272 2909 493 2991 arbitreris?
525 2912 599 2991 Sed
620 2913 811 2992 minitaris
830 2911 992 3006 deinde;
1009 2909 1194 3021 ſsquando
1205 2926 1284 3018 pro-

151 3023 246 3104 dibit
278 3023 362 3104 uiri
385 3022 529 3130 srrmmi
550 3025 760 3133 posthumus
791 3023 897 3118 liber,
932 3023 1133 3102 Millonius
1156 3019 1284 3128 stutirt

151 3154 311 3216 mortuos
328 3164 465 3246 quoque
482 3134 656 3216 mordere.
700 3138 782 3216 Vos
798 3135 866 3243 ipfi
883 3134 1107 3214 existimare
1122 3131 1282 3243 potestis,

150 3249 221 3354 qui
247 3250 383 3327 vivum
410 3275 488 3327 non
516 3249 719 3356 pertimui,
751 3246 922 3328 eundem
949 3267 1154 3326 mortuum
1177 3241 1282 3354 quim

150 3384 229 3437 non
249 3359 519 3440 reformidem.

262 3524 445 3602 Eternum
463 3523 612 3602 latrans
628 3553 811 3632 exangues
830 3541 975 3603 terreat
994 3519 1158 3603 umbras.

151 3694 192 3772 Si
203 3694 430 3775 mordacem
445 3697 484 3774 in
498 3724 562 3775 me
576 3715 779 3776 mortuum
795 3696 1155 3791 emiseritis,scitote
1170 3719 1283 3804 neque

149 3805 267 3884 melle
284 3833 410 3913 neque
430 3807 556 3886 mulso
577 3809 775 3918 placatum
794 3806 817 3889 a
836 3838 901 3889 me
921 3811 982 3891 iri.
1042 3806 1286 3917 Cognoscetis

150 3943 199 3995 an
228 3934 268 3995 et
297 3945 371 4023 ego
398 3915 500 4019 λόγον
520 3918 696 4017 ἐπιτάφιον
716 3919 925 4001 commode
946 3920 1085 4030 poffim
1116 3921 1300 4000 scribere·

150 4027 228 4109 Dii
238 4025 334 4122 boni,
356 4029 500 4136 inquis,
517 4060 627 4139 quam
640 4033 809 4142 nigerest
828 4031 1041 4125 Millonius,
1046 4032 1091 4138 ſs
1090 4030 1193 4139 fides
1210 4032 1288 4112 Sal-

146 4140 255 4247 masto
272 4139 293 4219 ἓ
312 4160 352 4221 at
364 4140 487 4251 ipsam
499 4142 716 4224 inferorum
733 4145 943 4253 fuliginem
961 4143 988 4224 fi
1004 4142 1136 4223 secum
1153 4142 1289 4233 trahat,

147 4281 227 4347 me,
249 4255 339 4334 Deo
360 4252 458 4333 bene
472 4253 649 4360 juvante,
675 4257 878 4364 denigrare
906 4283 983 4337 non
1009 4258 1169 4365 poterit.
1229 4257 1292 4334 Tu

147 4365 321 4445 Salmafii
348 4368 388 4446 in
415 4395 480 4447 me
507 4368 677 4448 convitia
706 4390 750 4449 ut
778 4366 860 4449 laetd
888 4396 992 4448 nunc
1016 4366 1162 4449 refers!
1193 4365 1296 4477 quafi
