2888 5204
142 573 220 659 228
363 520 372 532 ⁴
408 561 604 696 Joannis
630 554 840 694 Philippi
866 558 1014 694 Angli

142 737 266 845 igitur
281 737 322 815 in
338 733 415 816 hoc
429 736 557 845 capite
570 733 678 843 quod
691 762 823 843 agam,
839 732 961 844 quim
976 756 1020 817 ut
1031 737 1294 847 captiunculas

145 849 331 958 quasdam
346 866 446 941 tuas,
467 866 508 927 et
527 846 701 955 gryphos
718 847 936 942 dissolvam,
948 848 1094 957 quibus
1114 849 1213 929 dum
1230 852 1292 930 ad·

145 960 358 1041 versarium
370 987 508 1070 capere
521 979 559 1038 te
572 959 785 1053 existimas,
800 959 969 1069 teipsum
980 962 1072 1071 capi
1082 961 1290 1043 ostendam.

147 1073 315 1152 Dixerat
330 1072 528 1152 Miltonus
542 1072 631 1178 jure
652 1073 818 1152 naturali
836 1074 992 1180 Regem
1006 1101 1210 1183 quemque
1228 1075 1292 1155 bo-

146 1214 245 1264 num
274 1187 462 1265 Senatum
488 1184 551 1264 vel
581 1185 782 1292 Populum
807 1182 952 1264 habere
981 1184 1052 1264 fibi
1078 1186 1233 1296 semper
1258 1206 1293 1268 et

147 1325 284 1407 parem
298 1316 338 1377 et
350 1296 604 1406 superiorem.
635 1297 701 1376 Ad
714 1293 796 1375 haec
810 1297 955 1406 tu‚quis
967 1326 1143 1407 unquam,
1157 1302 1293 1408 inquis,

147 1409 243 1490 talia
263 1407 458 1490 οἷσύστωτα
476 1407 660 1488 audivit?
719 1408 766 1488 Si
774 1426 854 1517 par
871 1410 933 1518 ss,
952 1439 1023 1490 non
1041 1410 1292 1521 eststrperior:

133 1522 178 1627 st
190 1521 382 1631 strperior‚
409 1550 478 1600 non
503 1538 595 1630 par.
658 1521 760 1636 Qis
789 1521 979 1629 plumbeo
1008 1525 1142 1632 potuit
1170 1524 1293 1630 gladio

147 1636 362 1743 quicquam
382 1634 560 1714 acutius?
618 1633 677 1711 At
696 1631 839 1712 nescin'
859 1634 956 1742 quid
977 1635 1121 1716 Laelius
1148 1635 1215 1716 ille
1241 1636 1292 1716 sa·

145 1747 259 1854 piens
278 1746 382 1855 apud
404 1746 670 1825 Ciceronem?
728 1745 961 1826 Maximum
987 1746 1042 1826 est
1062 1748 1102 1825 in
1127 1749 1292 1828 amicitia

146 1858 386 1968 superiorem
407 1885 542 1966 parem
562 1857 636 1936 esse
664 1854 853 1937 inferiori.
915 1859 1028 1970 Qin
1050 1856 1118 1938 htc
1142 1887 1292 1970 quoque

146 1969 375 2063 vociferare,
392 1969 473 2077 quis
485 1998 644 2077 unquam
658 1969 755 2050 talia
769 1965 966 2051 iodrum
982 1968 1164 2051 audebit?
1206 1972 1292 2052 Dis·

146 2100 331 2192 putatum
350 2081 406 2160 est
426 2078 448 2160 ὲ
466 2082 617 2174 multis,
635 2080 730 2160 fitne
744 2109 815 2191 par
828 2083 934 2188 Regi
949 2083 1128 2192 Populus
1144 2085 1209 2165 vel
1228 2087 1293 2164 Se-

146 2213 274 2274 natus.
305 2192 399 2273 Infit
414 2194 627 2287 Miltonus‚
646 2194 878 2273 utrumlibet
892 2196 997 2302 Regi
1016 2213 1056 2274 et
1071 2224 1212 2305 parem
1225 2196 1293 2277 else

147 2326 188 2386 et
199 2306 452 2417 superiorem.
484 2306 569 2385 Cur
585 2305 655 2384 ista
670 2333 787 2413 negas
803 2304 907 2414 posse
919 2307 1151 2389 consistere?
1182 2308 1294 2390 Certe

146 2418 174 2498 fi
196 2419 310 2526 juxta
336 2418 528 2526 regulam,
550 2445 668 2497 omne
688 2418 813 2523 majus
836 2420 877 2496 in
900 2418 937 2497 se
956 2420 1135 2499 continet
1155 2421 1293 2516 miuus,

147 2530 321 2640 superior
337 2533 407 2639 qui
428 2530 497 2623 est,
513 2527 614 2608 nihil
634 2529 840 2623 obstiterit,
855 2530 936 2638 quo
956 2527 1088 2612 minius
1107 2532 1218 2612 idem
1230 2562 1293 2642 par

147 2643 204 2723 fit.
264 2645 357 2747 Jam
378 2671 518 2722 eccum
534 2641 607 2721 tibi
621 2640 751 2721 nodum
769 2641 959 2748 huncſsne
973 2642 1292 2752 Oedrposolutum,

147 2755 274 2850 Dave.
335 2755 457 2834 Nunc
478 2754 526 2833 ad
545 2753 754 2833 secundam
777 2752 949 2834 hominis
971 2756 1213 2837 tendiculam
1231 2786 1293 2836 ve-

147 2866 227 2945 nio.
289 2866 335 2944 Si
355 2864 509 2945 Davidi
525 2866 684 2975 prierato
706 2895 776 2945 non
801 2866 908 2946 licuit
928 2868 1075 2948 Saulem
1098 2887 1295 2977 tyrannum

147 2977 367 3084 interficere,
389 2975 553 3087 quomodo
567 2978 654 3083 jam
680 2978 874 3086 unicuique
900 2979 1074 3075 concedis,
1088 2981 1134 3086 st
1154 2981 1296 3063 viribus

140 3090 230 3199 plus
248 3090 364 3168 valet.
425 3091 556 3169 Sumis
576 3117 663 3197 quae
682 3118 800 3169 nemo
820 3090 875 3169 est
895 3091 1071 3198 largitus,
1091 3111 1295 3200 tyrannum

147 3201 257 3281 fuisse
279 3203 449 3282 Saulem.
512 3205 609 3282 Non
634 3203 741 3280 enim
762 3204 831 3308 qui
850 3201 951 3282 facta
970 3203 1149 3310 quaedam
1170 3225 1295 3314 tyran-

147 3317 234 3394 nica
255 3316 295 3393 in
315 3343 440 3393 unum
460 3331 577 3420 atque
598 3314 764 3393 alterum
793 3342 863 3422 per
882 3314 981 3394 iram
1007 3334 1074 3396 aut
1093 3316 1295 3398 libidinem

146 3446 359 3536 perpetrat,
377 3429 408 3505 is
430 3426 557 3505 statim
577 3425 632 3504 est
649 3444 855 3533 tyrannum
887 3446 931 3504 ut
947 3454 1019 3506 nec
1039 3428 1217 3533 injustus,
1232 3431 1295 3538 qui

146 3540 285 3644 injusta
298 3540 492 3645 quaedam.
545 3538 619 3617 Sed
639 3540 709 3646 qui
727 3538 915 3631 Confilio,
931 3538 1123 3634 instituto,
1137 3543 1293 3632 viribus,

145 3653 244 3731 dolis
268 3649 346 3730 hoc
371 3650 497 3729 solum
523 3650 650 3729 studet
673 3669 790 3757 atque
817 3651 995 3744 molitur,
1016 3670 1060 3730 ut
1080 3657 1293 3761 potentiam

145 3762 299 3870 legibus
320 3762 509 3868 majorem
530 3762 598 3840 fibi
619 3763 792 3869 arripiat,
806 3761 871 3867 jus
889 3790 1008 3842 omne
1027 3766 1170 3874 populi
1193 3785 1233 3846 et
1250 3767 1293 3845 li-

146 3874 339 3953 bertatem
355 3872 564 3966 subvertat,
580 3874 777 3953 vindicare
792 3873 829 3952 se
841 3875 1073 3956 conantibus
1084 3879 1170 3958 vim
1184 3899 1295 3987 atque

146 3986 297 4066 bellum
311 3983 465 4078 inferat,
479 3987 510 4064 is
524 3984 613 4066 vere
626 4006 742 4093 atque
755 3986 913 4094 proprie
927 4006 1111 4095 tyrannus
1123 3990 1201 4085 est5
1221 4017 1295 4100 quo

146 4099 187 4176 in
216 4124 357 4204 genere
386 4097 517 4176 nullus
546 4126 723 4204 unquam
753 4098 898 4177 Carolo
927 4099 1036 4208 pejor
1060 4098 1153 4180 fuit.
1214 4101 1295 4215 Qi

145 4210 267 4317 igitur
287 4210 485 4289 Davidem
510 4210 677 4317 privatas
703 4206 908 4289 adverslrm
934 4211 970 4289 se
992 4213 1116 4318 Regis
1143 4215 1296 4321 injurias

145 4321 279 4401 ulcisci
295 4321 456 4400 noluisse
471 4322 587 4415 dixit,
605 4323 737 4430 potuit
752 4322 858 4401 idem
874 4320 977 4402 nihil
992 4324 1063 4403 fibi
1079 4352 1297 4434 repugnans

144 4437 289 4528 dicere,
312 4454 521 4543 tyrannum
541 4433 758 4514 interficere
779 4436 904 4514 cuivis
923 4436 1042 4515 licere
1062 4439 1133 4544 qui
1154 4439 1299 4520 viribus

143 4549 231 4657 plus
250 4548 389 4628 valeat.
448 4547 618 4625 Dixerat
637 4547 836 4626 Miltonus
864 4547 912 4626 ad
939 4546 1169 4630 servitutem
1193 4571 1298 4633 natas

141 4661 211 4741 ista
234 4661 409 4740 nationes
433 4685 519 4765 quae
548 4658 668 4737 talem
691 4660 900 4738 dominum
927 4661 1152 4766 agnoscant,
1173 4666 1240 4745 cui
1264 4662 1299 4743 se

142 4772 219 4853 fine
239 4770 382 4853 assensu
398 4770 465 4849 suo
482 4768 703 4852 haereditate
724 4770 919 4852 obvenisse
939 4774 1117 4857 credant.
1179 4780 1299 4885 Ergo,
