2888 5204
140 193 225 294 426
346 173 572 272 Authoris
596 173 657 270 ad
683 171 941 270 Alexandri
965 175 1096 268 Mori

141 354 301 435 uberius
331 352 557 461 emigrasti:
569 371 677 431 tum
705 351 734 430 fi
759 350 868 457 cujus
897 369 1036 478 rogatu
1065 347 1170 429 forte
1200 377 1288 431 con·

142 468 324 564 cionaris,
344 463 421 544 hoc
442 485 629 572 tanquam
652 463 833 543 beneficii
858 463 984 542 loco
973 481 1173 570 imputas3
1203 459 1288 542 ciun

145 578 339 658 assiduum
371 577 537 656 Pastoris
572 575 834 655 ministerium
863 575 1089 666 deserueris,
1123 593 1170 652 ut
1198 573 1289 652 hanc

142 690 370 769 subcisivam
390 717 552 798 operam
572 687 727 768 deserta
744 688 814 767 abs
842 708 880 766 te
900 686 1082 766 Ecclesrae
1114 712 1195 764 non
1218 686 1288 765 fine

143 805 321 882 maximo
356 800 595 909 compendio
625 819 693 878 tuo
723 802 843 906 gratis
878 799 1082 907 impertire
1113 798 1285 879 videaris.

143 915 211 993 Tu
231 912 325 993 verb
345 914 480 1006 More,
510 913 537 991 fi
558 912 772 992 Ecclesiam
792 910 1192 1017 Medioburgensem,
1211 937 1288 1017 qua

142 1044 195 1118 te,
218 1045 261 1105 ut
280 1027 351 1120 ais,
369 1044 450 1104 tarn
466 1022 681 1105 honorifice
699 1023 904 1117 invitasset,
922 1041 1029 1102 tanto
1048 1050 1146 1102 cum
1167 1020 1287 1101 fructu

142 1136 317 1230 audisset,
348 1157 430 1217 tam
456 1136 556 1244 aegre
582 1136 794 1229 dimisisset,
824 1137 902 1215 fine
929 1135 1154 1242 graviffima
1182 1133 1284 1213 causa

143 1249 369 1357 reliquisses,
386 1269 426 1329 et
440 1249 488 1327 ad
504 1249 628 1327 alium
643 1276 821 1356 gregem,
836 1244 1022 1354 idquue
1037 1275 1187 1327 munus
1202 1245 1285 1325 Pas·

144 1363 238 1440 toris
258 1381 296 1442 te
322 1359 560 1454 contulisses,
581 1360 950 1469 reprehendendum
969 1359 1116 1439 merito
1137 1377 1177 1438 et
1195 1358 1284 1437 levi-

144 1475 232 1553 tatis
252 1473 496 1581 arguendum
513 1473 782 1554 existimarim.
844 1468 1020 1551 Nunc
981 1499 1077 1551 cum
1094 1470 1284 1561 Attalicis,

144 1606 188 1665 ut
213 1585 354 1693 ipse
319 1613 390 1676 ars,
415 1576 689 1678 conditionibus,
714 1611 793 1663 non
822 1580 1072 1676 Christianis,
1095 1602 1138 1663 et
1161 1582 1286 1663 emolu-

143 1715 255 1775 mentt
251 1696 411 1803 fruHu
431 1695 548 1802 longe
568 1697 746 1776 uberiore
767 1696 970 1787 adductus,
991 1723 1069 1775 non
1096 1695 1148 1774 de
1176 1720 1287 1801 grege

145 1809 185 1886 in
206 1835 370 1916 gregem
390 1808 621 1888 desultorius
642 1807 918 1889 tantummodo
935 1808 1068 1887 Pastor
1088 1807 1287 1899 transieris,

146 1918 210 2000 sed
231 1921 301 2000 illo
320 1948 483 2000 munere
510 1919 628 2027 longe
646 1922 806 2049 potiore
832 1916 1069 2029 posthabito,
1089 1947 1142 1999 ex
1164 1922 1288 1999 Evan-

145 2033 240 2139 gelii
259 2032 438 2112 ministro
453 2053 627 2112 mutatus
643 2034 683 2112 in
702 2030 959 2112 Professorem
977 2052 1017 2110 et
1029 2031 1290 2121 Historicum,

146 2173 197 2224 ex
216 2145 306 2253 ipsrs
321 2144 502 2224 Ecclesrae
522 2145 647 2252 adytis
664 2145 711 2224 ad
731 2145 922 2253 pomoeria
937 2143 1125 2248 regressus
1142 2143 1204 2239 srs,
1217 2168 1288 2222 nou

148 2258 382 2337 mercenarii
371 2254 544 2349 solium,
566 2257 629 2335 sed
654 2255 861 2336 defectoris
886 2254 1008 2364 prope
1032 2283 1203 2335 numero
1226 2252 1290 2333 ha·

150 2368 328 2448 bendum
348 2388 385 2446 te
406 2366 494 2495 effe,
512 2368 539 2447 sr
559 2367 737 2448 habenda
752 2370 892 2447 veteris
905 2387 945 2446 et
964 2366 1204 2447 sanuiffimae
1222 2363 1293 2447 dis

147 2480 302 2606 ciplinae
321 2479 401 2557 ulla
421 2481 518 2559 ratio
538 2480 607 2573 est,
624 2480 817 2559 affirmare
837 2506 915 2559 non
935 2507 1083 2559 vereor
1125 2482 1185 2560 At
1203 2506 1291 2559 con·

146 2591 314 2669 cionaris
334 2610 490 2669 tamen:
523 2611 563 2671 et
582 2590 735 2671 strenue
750 2592 928 2699 quidem,
945 2619 1148 2698 nunquam
1163 2590 1293 2698 majore

145 2702 377 2807 cumsrublu
399 2703 586 2797 Attalico,
601 2705 649 2782 ad
671 2706 932 2809 Pergamenos
952 2701 1060 2832 puta,
1078 2731 1159 2784 non
1182 2727 1289 2784 tuum

145 2815 192 2893 ad
222 2842 409 2921 gregem3
444 2816 587 2922 quibus
614 2815 640 2893 s1
670 2813 771 2894 forte
801 2844 911 2894 aures
939 2818 1007 2895 vix
1037 2815 1125 2895 satis
1156 2836 1290 2896 teretes

147 2929 343 3034 pruriunt,
365 2947 422 3019 tu,
437 2928 533 3007 vitio
553 2947 761 3007 cantorum
782 2925 896 3034 plane
916 2927 1117 3021 converso,
1138 2950 1291 3036 rogatus

146 3065 350 3146 nunquam
370 3039 541 3118 desistis:
571 3060 610 3119 et
631 3039 738 3119 velut
764 3037 937 3120 sacerdos
961 3039 1141 3147 Phrygiae
1163 3041 1291 3122 matris

145 3151 322 3230 nondum
342 3154 515 3243 exectus,
538 3170 606 3230 aut
627 3153 821 3231 Curetum
841 3153 997 3261 aliquis,
1017 3180 1155 3232 moves
1175 3153 1291 3233 liben-

148 3281 206 3341 ter
227 3283 292 3341 tua
313 3263 481 3352 crotala;
515 3291 592 3342 non
613 3283 657 3341 ut
677 3264 854 3370 vagitum
879 3266 1113 3374 quempiam
1140 3265 1292 3345 sabulo·

147 3373 247 3467 sum,
268 3374 332 3452 sed
353 3393 398 3453 ut
423 3403 599 3454 rumores
621 3374 861 3480 flagitiorum
883 3395 1044 3456 tuorum
1063 3380 1153 3485 plus
1173 3378 1294 3457 nimio

147 3513 300 3564 veraces
321 3485 489 3565 fanatica
508 3486 788 3567 vociferatione
816 3487 970 3568 obruas.
1030 3490 1126 3568 Hoc
1148 3508 1193 3568 tu
1214 3490 1292 3598 sep·

147 3600 294 3677 tenario
320 3597 482 3705 strepitu
507 3617 546 3678 et
569 3598 745 3678 ἀοὲὶτίηα
774 3598 949 3694 fortuita,
971 3620 1015 3678 ut
1041 3602 1173 3708 quivis
1202 3602 1292 3681 olim

145 3708 316 3813 cyclicus
349 3729 416 3787 aut
450 3709 631 3818 sophista,
665 3711 691 3789 sr
723 3729 881 3816 rogatus
915 3713 1067 3804 recitaS,
1099 3713 1291 3794 desertum

146 3818 313 3898 Pastoris
334 3847 478 3900 munus
498 3822 690 3901 affiduum
710 3823 869 3930 explere
887 3845 923 3902 te
944 3825 1084 3932 putas?
1125 3827 1185 3905 At
1204 3853 1291 3906 con-

145 3931 320 4010 cionator
346 3932 402 4011 est
429 3933 555 4012 bellus
582 3954 622 4012 et
648 3935 851 4016 facundus
913 3937 987 4027 Ita,
1009 3938 1144 4032 credo,
1173 3959 1218 4017 ut
1243 3935 1290 4016 est

143 4063 295 4138 orator;
327 4046 392 4122 cui
427 4045 629 4152 proverbia
659 4048 686 4126 sr
713 4048 861 4141 demas,
889 4067 930 4126 et
957 4048 1103 4130 insutos
1130 4052 1290 4129 verficu·

142 4153 273 4233 lorum
302 4176 501 4248 centones,
531 4160 718 4237 orationis
747 4158 830 4267 ipso
860 4159 928 4238 filo
958 4180 1076 4268 atque
1106 4182 1288 4243 contextu

143 4264 272 4344 nihil
261 4268 492 4361 rnornatius,
515 4268 615 4347 nihil
644 4271 958 4379 incompofitius,
980 4270 1082 4352 nihil
1102 4274 1289 4355 verbosius

142 4395 259 4483 atque
290 4382 498 4486 putidius;
539 4379 640 4459 nihil
678 4384 747 4461 ubi
777 4383 1037 4481 venustatem,
1069 4412 1287 4474 numerum,
