2888 5204
347 577 528 670 Contra
551 570 877 670 Alexandrum
902 577 1112 670 Morum.
1217 609 1291 692 371

146 764 260 841 tuos:
288 767 328 828 et
343 751 449 857 quod
471 750 721 861 triumphurn
741 753 916 832 maxime
932 754 1066 833 deceat
1079 751 1292 831 militares:

145 856 297 968 quique
311 863 546 943 admoneant
563 884 599 943 te
615 866 802 972 temporis
815 865 1078 971 cujusdam,in
1091 891 1171 973 quo
1186 860 1293 941 frons

145 989 214 1049 tua
234 992 315 1053 tam
331 973 458 1054 valide
471 976 663 1084 perfriri‘a
678 977 747 1070 est,
764 996 807 1056 ut
829 979 900 1056 tibi
916 997 1002 1056 tum
1019 977 1146 1055 multo
1161 975 1291 1054 malu-

145 1083 233 1170 iffes
251 1104 375 1165 totam
390 1085 561 1167 frontem
577 1089 742 1198 periiffe.
780 1090 1004 1169 Meministi
1016 1086 1169 1168 fortaffe
1185 1087 1290 1166 illius

144 1196 241 1290 diei,
255 1199 381 1277 immo
389 1198 480 1279 verb
493 1202 587 1294 diei,
600 1202 731 1293 cred0‚
746 1221 785 1280 et
798 1199 902 1280 horae
916 1221 955 1281 et
969 1202 1047 1281 loci
1061 1198 1290 1291 meministi,

143 1303 241 1387 clun
259 1327 301 1389 tu
319 1312 502 1391 Pontiam
522 1314 563 1391 in
583 1314 703 1392 domo
720 1314 894 1393 Salmafii
912 1310 1117 1406 ultimbm,
1140 1332 1182 1391 ut
1201 1311 1291 1418 opi·

143 1446 233 1514 nor,
251 1424 491 1505 convenisti:
523 1444 565 1504 tu
580 1425 704 1523 illam,
716 1445 761 1505 ut
772 1426 922 1534 copulae
937 1427 1199 1516 renuntiares:
1221 1422 1290 1502 illa

145 1550 200 1625 te,
219 1553 263 1613 ut
274 1537 423 1644 nuptiis
437 1538 545 1617 diem
557 1539 719 1617 diceres.
761 1543 861 1650 Qae
873 1537 973 1616 ubil:
989 1539 1183 1616 contrario
1195 1562 1289 1641 pac-

145 1660 235 1724 tum
250 1646 382 1755 stupro
393 1649 507 1754 conju
511 1651 624 1756 gium
639 1650 841 1730 diffolvere
856 1652 896 1729 in
909 1650 1041 1729 animo
1058 1649 1130 1728 tibi
1142 1647 1216 1727 effe
1229 1647 1290 1724 vi-

145 1756 228 1850 det,
243 1776 329 1838 tum
344 1758 436 1839 verb
448 1781 513 1842 tua
527 1763 687 1857 innuba,
700 1790 778 1842 non
795 1764 902 1841 enim
915 1762 1046 1841 dicam
1057 1756 1289 1868 Tisiphone,

142 1869 355 1978 impatiens
375 1891 489 1954 tantae
507 1875 656 1981 injuriae
679 1877 718 1952 in
743 1872 886 1953 faciem
906 1874 979 1953 tibi
998 1892 1114 1981 atque
1139 1869 1289 1962 oculos,

143 2008 225 2061 non
246 1981 355 2064 senis
375 1986 587 2093 unguibus,
609 1986 740 2066 furens
759 1987 961 2066 involavit.
1021 1987 1088 2064 Tu
1108 1986 1178 2092 qui
1195 1982 1288 2061 teste

145 2094 336 2176 Crantzio
350 2096 518 2204 (praestat
537 2100 643 2178 enirn
661 2127 739 2178 non
760 2099 837 2178 line
858 2118 923 2178 tua
940 2099 1016 2178 fide
1031 2097 1188 2207 publica
1204 2114 1290 2174 tan-

143 2223 233 2286 turn
252 2228 451 2288 certarnen
470 2212 659 2317 exordiri)
680 2212 751 2318 qui
775 2210 883 2303 teste,
904 2211 1081 2319 inquam,
1100 2208 1291 2287 Crantzio

146 2317 295 2399 Gallie>
313 2322 457 2414 Altier,
479 2321 618 2402 Latine
638 2322 840 2401 feroculus.
853 2321 959 2415 effes,
981 2321 1074 2401 teste
1092 2319 1289 2411 Deodato,

141 2431 332 2512 terribiles
350 2462 489 2540 ungues
506 2433 560 2515 ad
571 2435 633 2514 tui
648 2435 802 2514 tutelam
821 2432 985 2526 haberes,
1007 2462 1078 2542 pro
1098 2431 1203 2509 virili
1223 2448 1290 2509 tua

142 2562 255 2651 parte
273 2544 321 2623 ad
345 2544 579 2627 foemineum
599 2546 676 2626 hoc
704 2574 827 2653 genus
844 2573 985 2655 pugnae
1010 2567 1046 2624 te
1071 2569 1288 2651 comparas.

144 2655 231 2735 Stat
241 2655 383 2736 arbitra
399 2660 622 2738 certaminis
635 2659 742 2762 Juno
758 2659 952 2737 Salmafia.
985 2657 1069 2765 Ipse
1085 2655 1290 2735 Salmasius

144 2767 188 2846 in
219 2768 395 2849 conclavi
425 2774 609 2879 proximo
638 2769 876 2850 decumbens
907 2769 1071 2879 pedibus
1100 2795 1215 2875 aeger,
1246 2784 1291 2844 ut

142 2880 324 2987 pralium
343 2883 595 2962 commissum
620 2883 758 2977 audiit,
777 2882 853 2961 risu
874 2880 973 2990 pene
994 2881 1174 2960 moritur.
1234 2880 1290 2957 At

144 2987 227 3072 heu
252 2991 380 3074 nefas!
411 2995 582 3075 imbellis
613 2994 742 3073 noster
768 2995 1008 3087 Alexander,
1030 3012 1069 3072 et
1092 2992 1290 3072 Amazoni

141 3104 366 3211 congreffus
382 3107 525 3216 impar,
542 3106 772 3187 succumbit.
833 3107 907 3185 Illa
921 3103 1148 3185 inferiorem
1164 3094 1289 3196 nabla,

143 3216 185 3295 in
202 3214 373 3296 frontem
394 3238 434 3298 et
449 3218 654 3327 supercilia
674 3215 891 3326 nasumque
911 3215 1083 3297 hominis
1100 3237 1187 3296 tum
1207 3216 1288 3324 pri-

142 3324 262 3408 mirm
281 3328 443 3438 superne
468 3351 627 3440 peccat:
659 3333 770 3410 miris
789 3329 977 3439 capreolis
1003 3348 1043 3408 et
1064 3327 1289 3435 Phrygiano

143 3467 264 3549 opere
277 3459 405 3521 totum
414 3441 580 3548 jacentis
593 3443 748 3522 vultum
763 3442 979 3551 percurrit:
1002 3466 1204 3546 nunquam
1218 3437 1291 3516 tibi

142 3551 266 3633 More
278 3552 513 3634 lineamenta
528 3556 677 3634 Pontiae
688 3550 819 3634 minbs
832 3553 1026 3661 placuere.
1076 3549 1161 3660 lpse
1174 3549 1290 3658 pleni

135 3661 225 3768 jam
244 3665 407 3773 utrique
428 3669 604 3775 margine
624 3693 830 3773 genarum,
851 3665 1012 3773 scriptus
1032 3682 1071 3742 et
1089 3664 1130 3740 in
1155 3679 1290 3741 mento

142 3777 316 3856 necdum
329 3778 476 3871 finitus,
492 3778 591 3887 aegre
610 3779 767 3858 tandem
781 3779 928 3884 surgis:
957 3776 1086 3855 sedne
1103 3775 1290 3884 poeniteat

143 3905 197 3981 te,
219 3887 344 3970 homo
362 3891 411 3970 ad
432 3918 607 3998 unguem
627 3888 774 3984 fadus:
807 3917 884 3968 non
898 3888 984 3994 jam
1000 3886 1205 3979 Profeffor,
1226 3884 1290 3965 sed

142 4018 277 4081 tamen
292 4005 444 4083 Dodor
458 4003 705 4084 Pontificius:
717 4003 805 4107 jure
819 4004 924 4081 enim
939 4020 1091 4110 poteras
1104 4018 1292 4106 tanquam

142 4113 184 4192 in
197 4114 303 4221 pieta
324 4114 454 4194 tabula
466 4115 663 4222 scripsrlle,
679 4114 942 4221 Pontiasecit.
1004 4112 1114 4223 Qid
1128 4113 1289 4190 autem?

142 4226 318 4305 Doctor?
339 4225 467 4306 immb
477 4228 603 4307 codex
609 4226 694 4333 jam
711 4226 848 4319 factus,
862 4227 902 4303 in
918 4253 998 4333 quo
1012 4225 1132 4303 ultrix
1150 4224 1290 4302 Pontia

142 4336 208 4417 sua
220 4337 434 4419 adversaria
447 4339 713 4419 exaravitstilo
727 4367 841 4418 novo,
878 4336 1030 4415 Senfisti
1043 4336 1288 4445 putoUlacci

142 4449 570 4558 tabulasTangentium
583 4452 853 4530 etSecantium
865 4449 913 4528 ad
926 4446 1290 4528 radiumCifrarum

142 4561 276 4642 nescio
292 4583 390 4670 quot
405 4564 637 4671 lugubrium
654 4564 694 4640 in
712 4563 814 4670 pelle
831 4582 897 4641 tua
913 4559 1070 4639 excudi.
1120 4559 1188 4636 Tu
1203 4577 1290 4637 tum

141 4674 266 4754 More
267 4674 379 4782 facr'e
397 4706 467 4756 non
486 4675 637 4782 integrd
652 4676 818 4755 domurn
833 4694 871 4753 te
886 4670 1134 4782 proripuisti;
1163 4668 1290 4749 fronte

141 4785 311 4895 quidem
322 4789 694 4898 exporredtd,quam
706 4788 774 4867 vix
788 4781 1016 4866 contrahere
1023 4781 1108 4888 jam
1121 4800 1290 4890 poteras;
