<?xml version="1.0" encoding="UTF-8"?>
<!DOCTYPE html PUBLIC "-//W3C//DTD XHTML 1.0 Transitional//EN"
    "http://www.w3.org/TR/xhtml1/DTD/xhtml1-transitional.dtd">
<html xmlns="http://www.w3.org/1999/xhtml" xml:lang="en" lang="en">
 <head>
  <title>
</title>
<meta http-equiv="Content-Type" content="text/html;charset=utf-8" />
  <meta name='ocr-system' content='tesseract 3.04.00' />
  <meta name='ocr-capabilities' content='ocr_page ocr_carea ocr_par ocr_line ocrx_word'/>
</head>
<body>
  <div class='ocr_page' id='page_1' title='image "./worksjohnmilton07miltgoog_0394.png"; bbox 0 0 2888 5204; ppageno 0'>
   <div class='ocr_carea' id='block_1_1' title="bbox 341 579 1292 705">
    <p class='ocr_par' dir='ltr' id='par_1_1' title="bbox 341 579 1292 705">
     <span class='ocr_line' id='line_1_1' title="bbox 341 579 1292 705; baseline 0.005 -27"><span class='ocrx_word' id='word_1_1' title='bbox 341 585 520 679; x_wconf 85' lang='lat' dir='ltr'>Contra</span> <span class='ocrx_word' id='word_1_2' title='bbox 544 579 868 679; x_wconf 87' lang='lat' dir='ltr'><strong>Alexandrum</strong></span> <span class='ocrx_word' id='word_1_3' title='bbox 893 584 1100 678; x_wconf 92' lang='lat' dir='ltr'>Morum.</span> <span class='ocrx_word' id='word_1_4' title='bbox 1213 622 1292 705; x_wconf 82' lang='lat'>377</span> 
     </span>
    </p>
   </div>
   <div class='ocr_carea' id='block_1_2' title="bbox 136 754 1389 4902">
    <p class='ocr_par' dir='ltr' id='par_1_2' title="bbox 136 754 1389 4902">
     <span class='ocr_line' id='line_1_2' title="bbox 141 754 1291 867; baseline 0.001 -34"><span class='ocrx_word' id='word_1_5' title='bbox 141 754 215 863; x_wconf 90' lang='lat' dir='ltr'>ris)</span> <span class='ocrx_word' id='word_1_6' title='bbox 235 754 421 836; x_wconf 81' lang='lat' dir='ltr'>demissus</span> <span class='ocrx_word' id='word_1_7' title='bbox 449 755 609 867; x_wconf 77' lang='lat' dir='ltr'>repente</span> <span class='ocrx_word' id='word_1_8' title='bbox 634 775 675 836; x_wconf 94' lang='lat' dir='ltr'>et</span> <span class='ocrx_word' id='word_1_9' title='bbox 694 756 958 836; x_wconf 87' lang='lat' dir='ltr'>consternatus</span> <span class='ocrx_word' id='word_1_10' title='bbox 977 755 1145 834; x_wconf 89' lang='lat' dir='ltr'>abeundi</span> <span class='ocrx_word' id='word_1_11' title='bbox 1168 755 1291 835; x_wconf 92' lang='lat' dir='ltr'>licen-</span> 
     </span>
     <span class='ocr_line' id='line_1_3' title="bbox 141 864 1291 977; baseline 0.001 -30"><span class='ocrx_word' id='word_1_12' title='bbox 141 867 243 947; x_wconf 83' lang='lat' dir='ltr'>tiam</span> <span class='ocrx_word' id='word_1_13' title='bbox 263 865 326 973; x_wconf 71' lang='lat' dir='ltr'>(id,</span> <span class='ocrx_word' id='word_1_14' title='bbox 341 869 449 975; x_wconf 92' lang='lat' dir='ltr'>quod</span> <span class='ocrx_word' id='word_1_15' title='bbox 470 870 647 977; x_wconf 83' lang='lat' dir='ltr'>plerique</span> <span class='ocrx_word' id='word_1_16' title='bbox 667 864 843 948; x_wconf 69' lang='lat' dir='ltr'>maxime</span> <span class='ocrx_word' id='word_1_17' title='bbox 862 868 1059 961; x_wconf 89' lang='lat' dir='ltr'>volebant,</span> <span class='ocrx_word' id='word_1_18' title='bbox 1077 895 1126 946; x_wconf 93' lang='lat' dir='ltr'>ne</span> <span class='ocrx_word' id='word_1_19' title='bbox 1146 869 1186 947; x_wconf 92' lang='lat' dir='ltr'>in</span> <span class='ocrx_word' id='word_1_20' title='bbox 1206 897 1291 948; x_wconf 92' lang='lat' dir='ltr'>rem</span> 
     </span>
     <span class='ocr_line' id='line_1_4' title="bbox 141 977 1291 1089; baseline 0.002 -32"><span class='ocrx_word' id='word_1_21' title='bbox 141 997 228 1058; x_wconf 86' lang='lat' dir='ltr'>tarn</span> <span class='ocrx_word' id='word_1_22' title='bbox 241 977 381 1059; x_wconf 86' lang='lat' dir='ltr'>faedam</span> <span class='ocrx_word' id='word_1_23' title='bbox 396 981 445 1059; x_wconf 84' lang='lat' dir='ltr'>de</span> <span class='ocrx_word' id='word_1_24' title='bbox 462 982 617 1061; x_wconf 87' lang='lat' dir='ltr'>Pastore</span> <span class='ocrx_word' id='word_1_25' title='bbox 630 980 697 1059; x_wconf 93' lang='lat' dir='ltr'>suo</span> <span class='ocrx_word' id='word_1_26' title='bbox 713 982 911 1089; x_wconf 86' lang='lat' dir='ltr'>inquirere</span> <span class='ocrx_word' id='word_1_27' title='bbox 926 981 1175 1087; x_wconf 86' lang='lat' dir='ltr'>cogerentur)</span> <span class='ocrx_word' id='word_1_28' title='bbox 1193 1009 1291 1089; x_wconf 89' lang='lat' dir='ltr'>qua-</span> 
     </span>
     <span class='ocr_line' id='line_1_5' title="bbox 142 1090 1291 1203; baseline 0.002 -34"><span class='ocrx_word' id='word_1_29' title='bbox 142 1090 210 1196; x_wconf 85' lang='lat' dir='ltr'>srj</span> <span class='ocrx_word' id='word_1_30' title='bbox 275 1091 360 1196; x_wconf 89' lang='lat' dir='ltr'>jam</span> <span class='ocrx_word' id='word_1_31' title='bbox 388 1092 563 1173; x_wconf 89' lang='lat' dir='ltr'>abiturus</span> <span class='ocrx_word' id='word_1_32' title='bbox 593 1093 737 1203; x_wconf 72' lang='lat' dir='ltr'>petisti.</span> <span class='ocrx_word' id='word_1_33' title='bbox 799 1094 873 1172; x_wconf 90' lang='lat' dir='ltr'>Per</span> <span class='ocrx_word' id='word_1_34' title='bbox 900 1090 1001 1172; x_wconf 89' lang='lat' dir='ltr'>hanc</span> <span class='ocrx_word' id='word_1_35' title='bbox 1028 1113 1070 1173; x_wconf 91' lang='lat' dir='ltr'>tu</span> <span class='ocrx_word' id='word_1_36' title='bbox 1099 1094 1291 1172; x_wconf 88' lang='lat' dir='ltr'>rationem</span> 
     </span>
     <span class='ocr_line' id='line_1_6' title="bbox 142 1201 1290 1313; baseline 0.002 -32"><span class='ocrx_word' id='word_1_37' title='bbox 142 1201 330 1285; x_wconf 90' lang='lat' dir='ltr'>liberatus</span> <span class='ocrx_word' id='word_1_38' title='bbox 342 1204 486 1311; x_wconf 88' lang='lat' dir='ltr'>judicii</span> <span class='ocrx_word' id='word_1_39' title='bbox 505 1224 630 1299; x_wconf 91' lang='lat' dir='ltr'>metu,</span> <span class='ocrx_word' id='word_1_40' title='bbox 646 1203 740 1285; x_wconf 77' lang='lat' dir='ltr'>clun</span> <span class='ocrx_word' id='word_1_41' title='bbox 761 1203 856 1284; x_wconf 89' lang='lat' dir='ltr'>alibi</span> <span class='ocrx_word' id='word_1_42' title='bbox 877 1232 954 1283; x_wconf 93' lang='lat' dir='ltr'>non</span> <span class='ocrx_word' id='word_1_43' title='bbox 974 1203 1135 1284; x_wconf 88' lang='lat' dir='ltr'>haberes</span> <span class='ocrx_word' id='word_1_44' title='bbox 1151 1204 1232 1313; x_wconf 77' lang='lat' dir='ltr'>qud</span> <span class='ocrx_word' id='word_1_45' title='bbox 1252 1225 1290 1284; x_wconf 89' lang='lat' dir='ltr'>te</span> 
     </span>
     <span class='ocr_line' id='line_1_7' title="bbox 141 1313 1289 1423; baseline 0.002 -29"><span class='ocrx_word' id='word_1_46' title='bbox 141 1316 351 1423; x_wconf 85' lang='lat' dir='ltr'>reciperes,</span> <span class='ocrx_word' id='word_1_47' title='bbox 374 1318 487 1397; x_wconf 91' lang='lat' dir='ltr'>omni</span> <span class='ocrx_word' id='word_1_48' title='bbox 510 1345 673 1396; x_wconf 92' lang='lat' dir='ltr'>munere</span> <span class='ocrx_word' id='word_1_49' title='bbox 700 1313 794 1396; x_wconf 78' lang='lat' dir='ltr'>curn</span> <span class='ocrx_word' id='word_1_50' title='bbox 816 1317 996 1396; x_wconf 87' lang='lat' dir='ltr'>Ecclefiae</span> <span class='ocrx_word' id='word_1_51' title='bbox 1019 1314 1106 1397; x_wconf 82' lang='lat' dir='ltr'>tiun</span> <span class='ocrx_word' id='word_1_52' title='bbox 1125 1317 1289 1410; x_wconf 87' lang='lat' dir='ltr'>Scholae,</span> 
     </span>
     <span class='ocr_line' id='line_1_8' title="bbox 141 1425 1290 1539; baseline 0.001 -33"><span class='ocrx_word' id='word_1_53' title='bbox 141 1425 335 1536; x_wconf 83' lang='lat' dir='ltr'>omnsque</span> <span class='ocrx_word' id='word_1_54' title='bbox 359 1429 554 1538; x_wconf 91' lang='lat' dir='ltr'>stipendio</span> <span class='ocrx_word' id='word_1_55' title='bbox 573 1431 761 1539; x_wconf 88' lang='lat' dir='ltr'>privatus,</span> <span class='ocrx_word' id='word_1_56' title='bbox 782 1432 870 1508; x_wconf 72' lang='lat' dir='ltr'>orso</span> <span class='ocrx_word' id='word_1_57' title='bbox 895 1429 1050 1509; x_wconf 88' lang='lat' dir='ltr'>circiter</span> <span class='ocrx_word' id='word_1_58' title='bbox 1069 1429 1133 1509; x_wconf 92' lang='lat' dir='ltr'>vel</span> <span class='ocrx_word' id='word_1_59' title='bbox 1152 1430 1290 1508; x_wconf 89' lang='lat' dir='ltr'>decem</span> 
     </span>
     <span class='ocr_line' id='line_1_9' title="bbox 141 1537 1291 1621; baseline 0.003 -4"><span class='ocrx_word' id='word_1_60' title='bbox 141 1537 295 1619; x_wconf 89' lang='lat' dir='ltr'>menses</span> <span class='ocrx_word' id='word_1_61' title='bbox 317 1542 358 1619; x_wconf 93' lang='lat' dir='ltr'>in</span> <span class='ocrx_word' id='word_1_62' title='bbox 378 1543 517 1621; x_wconf 89' lang='lat' dir='ltr'>eadem</span> <span class='ocrx_word' id='word_1_63' title='bbox 533 1542 628 1620; x_wconf 89' lang='lat' dir='ltr'>urbe</span> <span class='ocrx_word' id='word_1_64' title='bbox 645 1541 759 1621; x_wconf 88' lang='lat' dir='ltr'>soedis</span> <span class='ocrx_word' id='word_1_65' title='bbox 777 1539 888 1619; x_wconf 74' lang='lat' dir='ltr'>farris</span> <span class='ocrx_word' id='word_1_66' title='bbox 908 1558 1062 1620; x_wconf 88' lang='lat' dir='ltr'>notatus</span> <span class='ocrx_word' id='word_1_67' title='bbox 1081 1541 1291 1620; x_wconf 67' lang='lat' dir='ltr'>detrectare</span> 
     </span>
     <span class='ocr_line' id='line_1_10' title="bbox 141 1650 1289 1763; baseline -0.001 -31"><span class='ocrx_word' id='word_1_68' title='bbox 141 1650 264 1732; x_wconf 82' lang='lat' dir='ltr'>causae</span> <span class='ocrx_word' id='word_1_69' title='bbox 282 1652 454 1733; x_wconf 73' lang='lat' dir='ltr'>dictione</span> <span class='ocrx_word' id='word_1_70' title='bbox 472 1654 629 1733; x_wconf 87' lang='lat' dir='ltr'>vixisti:</span> <span class='ocrx_word' id='word_1_71' title='bbox 660 1682 740 1763; x_wconf 94' lang='lat' dir='ltr'>quo</span> <span class='ocrx_word' id='word_1_72' title='bbox 760 1652 915 1731; x_wconf 92' lang='lat' dir='ltr'>nullum</span> <span class='ocrx_word' id='word_1_73' title='bbox 935 1654 1059 1760; x_wconf 90' lang='lat' dir='ltr'>majus</span> <span class='ocrx_word' id='word_1_74' title='bbox 1078 1679 1289 1759; x_wconf 86' lang='lat' dir='ltr'>argumen-</span> 
     </span>
     <span class='ocr_line' id='line_1_11' title="bbox 142 1763 1289 1875; baseline 0.001 -32"><span class='ocrx_word' id='word_1_75' title='bbox 142 1782 381 1844; x_wconf 88' lang='lat' dir='ltr'>tumcontra</span> <span class='ocrx_word' id='word_1_76' title='bbox 397 1764 677 1875; x_wconf 81' lang='lat' dir='ltr'>teeslepotuit.</span> <span class='ocrx_word' id='word_1_77' title='bbox 712 1767 835 1846; x_wconf 93' lang='lat' dir='ltr'>Nunc</span> <span class='ocrx_word' id='word_1_78' title='bbox 847 1763 1100 1874; x_wconf 87' lang='lat' dir='ltr'>posteaquam</span> <span class='ocrx_word' id='word_1_79' title='bbox 1111 1764 1289 1845; x_wconf 90' lang='lat' dir='ltr'>oblatum</span> 
     </span>
     <span class='ocr_line' id='line_1_12' title="bbox 141 1874 1288 1985; baseline 0.003 -31"><span class='ocrx_word' id='word_1_80' title='bbox 141 1875 218 1955; x_wconf 88' lang='lat' dir='ltr'>tibi</span> <span class='ocrx_word' id='word_1_81' title='bbox 230 1895 430 1957; x_wconf 85' lang='lat' dir='ltr'>certamen</span> <span class='ocrx_word' id='word_1_82' title='bbox 442 1877 642 1985; x_wconf 86' lang='lat' dir='ltr'>defugisti,</span> <span class='ocrx_word' id='word_1_83' title='bbox 659 1874 810 1985; x_wconf 83' lang='lat' dir='ltr'>tussque</span> <span class='ocrx_word' id='word_1_84' title='bbox 823 1878 1042 1958; x_wconf 87' lang='lat' dir='ltr'>commodis</span> <span class='ocrx_word' id='word_1_85' title='bbox 1056 1905 1184 1957; x_wconf 89' lang='lat' dir='ltr'>carere</span> <span class='ocrx_word' id='word_1_86' title='bbox 1199 1905 1288 1957; x_wconf 91' lang='lat' dir='ltr'>om-</span> 
     </span>
     <span class='ocr_line' id='line_1_13' title="bbox 141 1987 1290 2099; baseline 0.001 -33"><span class='ocrx_word' id='word_1_87' title='bbox 141 1987 275 2083; x_wconf 91' lang='lat' dir='ltr'>nibus,</span> <span class='ocrx_word' id='word_1_88' title='bbox 291 1987 414 2098; x_wconf 67' lang='lat' dir='ltr'>quim</span> <span class='ocrx_word' id='word_1_89' title='bbox 420 1990 620 2097; x_wconf 89' lang='lat' dir='ltr'>judicium</span> <span class='ocrx_word' id='word_1_90' title='bbox 635 1990 683 2069; x_wconf 93' lang='lat' dir='ltr'>de</span> <span class='ocrx_word' id='word_1_91' title='bbox 697 1990 764 2068; x_wconf 88' lang='lat' dir='ltr'>illa</span> <span class='ocrx_word' id='word_1_92' title='bbox 784 2018 824 2069; x_wconf 92' lang='lat' dir='ltr'>re</span> <span class='ocrx_word' id='word_1_93' title='bbox 837 1991 918 2099; x_wconf 88' lang='lat' dir='ltr'>pati</span> <span class='ocrx_word' id='word_1_94' title='bbox 934 1989 1119 2084; x_wconf 88' lang='lat' dir='ltr'>maluisti,</span> <span class='ocrx_word' id='word_1_95' title='bbox 1137 1988 1290 2098; x_wconf 89' lang='lat' dir='ltr'>postea·</span> 
     </span>
     <span class='ocr_line' id='line_1_14' title="bbox 141 2099 1289 2211; baseline 0.001 -33"><span class='ocrx_word' id='word_1_96' title='bbox 141 2126 266 2207; x_wconf 82' lang='lat' dir='ltr'>quarn</span> <span class='ocrx_word' id='word_1_97' title='bbox 291 2122 360 2181; x_wconf 90' lang='lat' dir='ltr'>tuo</span> <span class='ocrx_word' id='word_1_98' title='bbox 383 2103 500 2211; x_wconf 89' lang='lat' dir='ltr'>ipfius</span> <span class='ocrx_word' id='word_1_99' title='bbox 520 2102 673 2208; x_wconf 92' lang='lat' dir='ltr'>judicio</span> <span class='ocrx_word' id='word_1_100' title='bbox 697 2120 820 2180; x_wconf 89' lang='lat' dir='ltr'>temet</span> <span class='ocrx_word' id='word_1_101' title='bbox 846 2101 925 2211; x_wconf 95' lang='lat' dir='ltr'>ipse</span> <span class='ocrx_word' id='word_1_102' title='bbox 952 2099 1198 2196; x_wconf 54' lang='lat' dir='ltr'>damnastis</span> <span class='ocrx_word' id='word_1_103' title='bbox 1224 2129 1289 2181; x_wconf 91' lang='lat' dir='ltr'>me</span> 
     </span>
     <span class='ocr_line' id='line_1_15' title="bbox 141 2209 1288 2323; baseline 0.001 -33"><span class='ocrx_word' id='word_1_104' title='bbox 141 2209 309 2293; x_wconf 87' lang='lat' dir='ltr'>homine</span> <span class='ocrx_word' id='word_1_105' title='bbox 329 2215 547 2323; x_wconf 87' lang='lat' dir='ltr'>longinquo</span> <span class='ocrx_word' id='word_1_106' title='bbox 568 2213 680 2294; x_wconf 88' lang='lat' dir='ltr'>testes</span> <span class='ocrx_word' id='word_1_107' title='bbox 706 2232 746 2292; x_wconf 90' lang='lat' dir='ltr'>et</span> <span class='ocrx_word' id='word_1_108' title='bbox 769 2233 1000 2319; x_wconf 86' lang='lat' dir='ltr'>argumenta</span> <span class='ocrx_word' id='word_1_109' title='bbox 1019 2214 1182 2293; x_wconf 87' lang='lat' dir='ltr'>ridicule</span> <span class='ocrx_word' id='word_1_110' title='bbox 1204 2210 1288 2292; x_wconf 74' lang='lat' dir='ltr'>sane</span> 
     </span>
     <span class='ocr_line' id='line_1_16' title="bbox 141 2320 1389 2436; baseline 0 -33"><span class='ocrx_word' id='word_1_111' title='bbox 141 2325 296 2430; x_wconf 87' lang='lat' dir='ltr'>quaeris.</span> <span class='ocrx_word' id='word_1_112' title='bbox 355 2323 610 2436; x_wconf 77' lang='lat' dir='ltr'>Qinimrnd,</span> <span class='ocrx_word' id='word_1_113' title='bbox 639 2344 683 2405; x_wconf 93' lang='lat' dir='ltr'>ut</span> <span class='ocrx_word' id='word_1_114' title='bbox 713 2327 812 2419; x_wconf 86' lang='lat' dir='ltr'>dixi,</span> <span class='ocrx_word' id='word_1_115' title='bbox 842 2327 1045 2405; x_wconf 85' lang='lat' dir='ltr'>Genevam</span> <span class='ocrx_word' id='word_1_116' title='bbox 1070 2345 1287 2418; x_wconf 91' lang='lat' dir='ltr'>revertere;</span> <span class='ocrx_word' id='word_1_117' title='bbox 1385 2320 1389 2325; x_wconf 70' lang='grc'><strong>’</strong></span> 
     </span>
     <span class='ocr_line' id='line_1_17' title="bbox 141 2436 1289 2545; baseline -0.001 -30"><span class='ocrx_word' id='word_1_118' title='bbox 141 2453 185 2516; x_wconf 89' lang='lat' dir='ltr'>et</span> <span class='ocrx_word' id='word_1_119' title='bbox 198 2438 357 2545; x_wconf 90' lang='lat' dir='ltr'>quando</span> <span class='ocrx_word' id='word_1_120' title='bbox 370 2439 643 2518; x_wconf 88' lang='lat' dir='ltr'>vadimonium</span> <span class='ocrx_word' id='word_1_121' title='bbox 658 2436 756 2517; x_wconf 92' lang='lat' dir='ltr'>illud</span> <span class='ocrx_word' id='word_1_122' title='bbox 774 2455 854 2517; x_wconf 90' lang='lat' dir='ltr'>tam</span> <span class='ocrx_word' id='word_1_123' title='bbox 870 2436 973 2517; x_wconf 71' lang='lat' dir='ltr'>male</span> <span class='ocrx_word' id='word_1_124' title='bbox 989 2437 1133 2530; x_wconf 88' lang='lat' dir='ltr'>obiisti,</span> <span class='ocrx_word' id='word_1_125' title='bbox 1148 2438 1166 2514; x_wconf 96' lang='lat' dir='ltr'>l</span> <span class='ocrx_word' id='word_1_126' title='bbox 1182 2436 1289 2515; x_wconf 89' lang='lat' dir='ltr'>sodes</span> 
     </span>
     <span class='ocr_line' id='line_1_18' title="bbox 141 2548 1288 2658; baseline 0 -31"><span class='ocrx_word' id='word_1_127' title='bbox 141 2549 193 2628; x_wconf 88' lang='lat' dir='ltr'>ad</span> <span class='ocrx_word' id='word_1_128' title='bbox 209 2549 463 2658; x_wconf 90' lang='lat' dir='ltr'>supplicium,</span> <span class='ocrx_word' id='word_1_129' title='bbox 478 2550 584 2657; x_wconf 91' lang='lat' dir='ltr'>quod</span> <span class='ocrx_word' id='word_1_130' title='bbox 603 2568 639 2630; x_wconf 91' lang='lat' dir='ltr'>te</span> <span class='ocrx_word' id='word_1_131' title='bbox 651 2550 733 2629; x_wconf 92' lang='lat' dir='ltr'>illic</span> <span class='ocrx_word' id='word_1_132' title='bbox 746 2568 878 2629; x_wconf 90' lang='lat' dir='ltr'>manet</span> <span class='ocrx_word' id='word_1_133' title='bbox 890 2550 1081 2630; x_wconf 88' lang='lat' dir='ltr'>adulterio</span> <span class='ocrx_word' id='word_1_134' title='bbox 1092 2548 1288 2641; x_wconf 91' lang='lat' dir='ltr'>debitum;</span> 
     </span>
     <span class='ocr_line' id='line_1_19' title="bbox 142 2660 1289 2772; baseline 0 -33"><span class='ocrx_word' id='word_1_135' title='bbox 142 2660 171 2739; x_wconf 89' lang='lat' dir='ltr'>fi</span> <span class='ocrx_word' id='word_1_136' title='bbox 183 2661 345 2770; x_wconf 88' lang='lat' dir='ltr'>pristina</span> <span class='ocrx_word' id='word_1_137' title='bbox 358 2663 462 2743; x_wconf 92' lang='lat' dir='ltr'>illius</span> <span class='ocrx_word' id='word_1_138' title='bbox 476 2663 582 2742; x_wconf 88' lang='lat' dir='ltr'>urbis</span> <span class='ocrx_word' id='word_1_139' title='bbox 598 2661 885 2768; x_wconf 86' lang='lat' dir='ltr'>religiofiffimae</span> <span class='ocrx_word' id='word_1_140' title='bbox 896 2660 1099 2772; x_wconf 88' lang='lat' dir='ltr'>disciplina</span> <span class='ocrx_word' id='word_1_141' title='bbox 1112 2662 1289 2740; x_wconf 91' lang='lat' dir='ltr'>nondum</span> 
     </span>
     <span class='ocr_line' id='line_1_20' title="bbox 142 2770 1290 2883; baseline 0.001 -32"><span class='ocrx_word' id='word_1_142' title='bbox 142 2770 312 2856; x_wconf 67' lang='lat' dir='ltr'>refrixit,</span> <span class='ocrx_word' id='word_1_143' title='bbox 372 2777 437 2855; x_wconf 86' lang='lat' dir='ltr'>Ad</span> <span class='ocrx_word' id='word_1_144' title='bbox 451 2776 519 2855; x_wconf 88' lang='lat' dir='ltr'>illa</span> <span class='ocrx_word' id='word_1_145' title='bbox 535 2772 628 2854; x_wconf 74' lang='lat' dir='ltr'>vero</span> <span class='ocrx_word' id='word_1_146' title='bbox 641 2773 858 2882; x_wconf 86' lang='lat' dir='ltr'>sponsalitia</span> <span class='ocrx_word' id='word_1_147' title='bbox 879 2774 1010 2883; x_wconf 91' lang='lat' dir='ltr'>stupra</span> <span class='ocrx_word' id='word_1_148' title='bbox 1031 2792 1096 2854; x_wconf 91' lang='lat' dir='ltr'>tua</span> <span class='ocrx_word' id='word_1_149' title='bbox 1108 2774 1215 2882; x_wconf 93' lang='lat' dir='ltr'>quod</span> <span class='ocrx_word' id='word_1_150' title='bbox 1230 2791 1290 2852; x_wconf 91' lang='lat' dir='ltr'>at-</span> 
     </span>
     <span class='ocr_line' id='line_1_21' title="bbox 142 2884 1290 2995; baseline 0.003 -33"><span class='ocrx_word' id='word_1_151' title='bbox 142 2884 245 2966; x_wconf 89' lang='lat' dir='ltr'>tinet</span> <span class='ocrx_word' id='word_1_152' title='bbox 254 2913 350 2966; x_wconf 92' lang='lat' dir='ltr'>cum</span> <span class='ocrx_word' id='word_1_153' title='bbox 363 2887 518 2980; x_wconf 88' lang='lat' dir='ltr'>Pontia,</span> <span class='ocrx_word' id='word_1_154' title='bbox 533 2915 620 2995; x_wconf 88' lang='lat' dir='ltr'>quae</span> <span class='ocrx_word' id='word_1_155' title='bbox 633 2905 672 2965; x_wconf 91' lang='lat' dir='ltr'>te</span> <span class='ocrx_word' id='word_1_156' title='bbox 685 2886 832 2994; x_wconf 91' lang='lat' dir='ltr'>ubique</span> <span class='ocrx_word' id='word_1_157' title='bbox 846 2886 1096 2967; x_wconf 89' lang='lat' dir='ltr'>decantatum</span> <span class='ocrx_word' id='word_1_158' title='bbox 1112 2905 1151 2965; x_wconf 92' lang='lat' dir='ltr'>et</span> <span class='ocrx_word' id='word_1_159' title='bbox 1163 2885 1290 2992; x_wconf 91' lang='lat' dir='ltr'>digito</span> 
     </span>
     <span class='ocr_line' id='line_1_22' title="bbox 143 2996 1290 3106; baseline 0 -30"><span class='ocrx_word' id='word_1_160' title='bbox 143 2997 406 3077; x_wconf 89' lang='lat' dir='ltr'>monstratum</span> <span class='ocrx_word' id='word_1_161' title='bbox 438 2999 630 3106; x_wconf 89' lang='lat' dir='ltr'>infignem</span> <span class='ocrx_word' id='word_1_162' title='bbox 652 2996 860 3078; x_wconf 91' lang='lat' dir='ltr'>hominem</span> <span class='ocrx_word' id='word_1_163' title='bbox 895 2999 972 3079; x_wconf 92' lang='lat' dir='ltr'>illis</span> <span class='ocrx_word' id='word_1_164' title='bbox 1007 3001 1048 3078; x_wconf 93' lang='lat' dir='ltr'>in</span> <span class='ocrx_word' id='word_1_165' title='bbox 1074 2998 1290 3078; x_wconf 91' lang='lat' dir='ltr'>Provinciis</span> 
     </span>
     <span class='ocr_line' id='line_1_23' title="bbox 142 3106 1289 3221; baseline 0.001 -34"><span class='ocrx_word' id='word_1_166' title='bbox 142 3108 362 3204; x_wconf 85' lang='lat' dir='ltr'>reddidere,</span> <span class='ocrx_word' id='word_1_167' title='bbox 383 3112 512 3191; x_wconf 91' lang='lat' dir='ltr'>multo</span> <span class='ocrx_word' id='word_1_168' title='bbox 531 3112 663 3190; x_wconf 89' lang='lat' dir='ltr'>minus</span> <span class='ocrx_word' id='word_1_169' title='bbox 690 3110 746 3189; x_wconf 91' lang='lat' dir='ltr'>est</span> <span class='ocrx_word' id='word_1_170' title='bbox 764 3106 875 3190; x_wconf 67' lang='lat' dir='ltr'>curi</span> <span class='ocrx_word' id='word_1_171' title='bbox 901 3139 967 3190; x_wconf 91' lang='lat' dir='ltr'>me</span> <span class='ocrx_word' id='word_1_172' title='bbox 987 3111 1089 3221; x_wconf 84' lang='lat' dir='ltr'>testes</span> <span class='ocrx_word' id='word_1_173' title='bbox 1107 3131 1148 3190; x_wconf 90' lang='lat' dir='ltr'>et</span> <span class='ocrx_word' id='word_1_174' title='bbox 1169 3138 1289 3218; x_wconf 86' lang='lat' dir='ltr'>argu·</span> 
     </span>
     <span class='ocr_line' id='line_1_24' title="bbox 141 3222 1291 3332; baseline 0.001 -32"><span class='ocrx_word' id='word_1_175' title='bbox 141 3238 268 3302; x_wconf 83' lang='lat' dir='ltr'>menta</span> <span class='ocrx_word' id='word_1_176' title='bbox 301 3222 483 3331; x_wconf 88' lang='lat' dir='ltr'>postules.</span> <span class='ocrx_word' id='word_1_177' title='bbox 544 3223 711 3302; x_wconf 86' lang='lat' dir='ltr'>Famam</span> <span class='ocrx_word' id='word_1_178' title='bbox 741 3222 864 3332; x_wconf 83' lang='lat' dir='ltr'>ipsam</span> <span class='ocrx_word' id='word_1_179' title='bbox 894 3251 1167 3317; x_wconf 89' lang='lat' dir='ltr'>communem,</span> <span class='ocrx_word' id='word_1_180' title='bbox 1194 3250 1291 3302; x_wconf 91' lang='lat' dir='ltr'>con-</span> 
     </span>
     <span class='ocr_line' id='line_1_25' title="bbox 143 3330 1290 3443; baseline -0.002 -30"><span class='ocrx_word' id='word_1_181' title='bbox 143 3331 325 3428; x_wconf 83' lang='lat' dir='ltr'>stantem,</span> <span class='ocrx_word' id='word_1_182' title='bbox 342 3353 382 3414; x_wconf 90' lang='lat' dir='ltr'>et</span> <span class='ocrx_word' id='word_1_183' title='bbox 399 3334 466 3414; x_wconf 91' lang='lat' dir='ltr'>illa</span> <span class='ocrx_word' id='word_1_184' title='bbox 485 3353 645 3414; x_wconf 91' lang='lat' dir='ltr'>centum</span> <span class='ocrx_word' id='word_1_185' title='bbox 657 3334 719 3414; x_wconf 85' lang='lat' dir='ltr'>vel</span> <span class='ocrx_word' id='word_1_186' title='bbox 739 3330 871 3443; x_wconf 79' lang='lat' dir='ltr'>potius</span> <span class='ocrx_word' id='word_1_187' title='bbox 887 3337 997 3415; x_wconf 88' lang='lat' dir='ltr'>mille</span> <span class='ocrx_word' id='word_1_188' title='bbox 1013 3364 1094 3429; x_wconf 91' lang='lat' dir='ltr'>ora,</span> <span class='ocrx_word' id='word_1_189' title='bbox 1115 3334 1226 3428; x_wconf 86' lang='lat' dir='ltr'>fivis,</span> <span class='ocrx_word' id='word_1_190' title='bbox 1247 3335 1290 3412; x_wconf 94' lang='lat' dir='ltr'>in</span> 
     </span>
     <span class='ocr_line' id='line_1_26' title="bbox 136 3443 1289 3555; baseline -0.001 -30"><span class='ocrx_word' id='word_1_191' title='bbox 136 3443 338 3550; x_wconf 88' lang='lat' dir='ltr'>judicium</span> <span class='ocrx_word' id='word_1_192' title='bbox 358 3474 478 3527; x_wconf 87' lang='lat' dir='ltr'>voca:</span> <span class='ocrx_word' id='word_1_193' title='bbox 509 3444 592 3526; x_wconf 89' lang='lat' dir='ltr'>haec</span> <span class='ocrx_word' id='word_1_194' title='bbox 611 3447 777 3527; x_wconf 90' lang='lat' dir='ltr'>totidem</span> <span class='ocrx_word' id='word_1_195' title='bbox 798 3445 887 3526; x_wconf 92' lang='lat' dir='ltr'>sunt</span> <span class='ocrx_word' id='word_1_196' title='bbox 905 3447 1017 3527; x_wconf 90' lang='lat' dir='ltr'>testes</span> <span class='ocrx_word' id='word_1_197' title='bbox 1036 3444 1180 3555; x_wconf 90' lang='lat' dir='ltr'>quibus</span> <span class='ocrx_word' id='word_1_198' title='bbox 1200 3447 1228 3525; x_wconf 90' lang='lat' dir='ltr'>fi</span> <span class='ocrx_word' id='word_1_199' title='bbox 1248 3446 1289 3524; x_wconf 92' lang='lat' dir='ltr'>in</span> 
     </span>
     <span class='ocr_line' id='line_1_27' title="bbox 143 3552 1291 3669; baseline 0.002 -34"><span class='ocrx_word' id='word_1_200' title='bbox 143 3553 234 3636; x_wconf 90' lang='lat' dir='ltr'>soro</span> <span class='ocrx_word' id='word_1_201' title='bbox 249 3557 344 3669; x_wconf 85' lang='lat' dir='ltr'>saepe</span> <span class='ocrx_word' id='word_1_202' title='bbox 357 3552 552 3638; x_wconf 89' lang='lat' dir='ltr'>creditum</span> <span class='ocrx_word' id='word_1_203' title='bbox 571 3558 640 3653; x_wconf 90' lang='lat' dir='ltr'>est,</span> <span class='ocrx_word' id='word_1_204' title='bbox 656 3586 727 3638; x_wconf 91' lang='lat' dir='ltr'>cur</span> <span class='ocrx_word' id='word_1_205' title='bbox 745 3585 820 3667; x_wconf 87' lang='lat' dir='ltr'>ego</span> <span class='ocrx_word' id='word_1_206' title='bbox 835 3558 884 3637; x_wconf 89' lang='lat' dir='ltr'>de</span> <span class='ocrx_word' id='word_1_207' title='bbox 897 3557 1110 3638; x_wconf 89' lang='lat' dir='ltr'>adversario</span> <span class='ocrx_word' id='word_1_208' title='bbox 1130 3556 1291 3667; x_wconf 92' lang='lat' dir='ltr'>publico</span> 
     </span>
     <span class='ocr_line' id='line_1_28' title="bbox 143 3668 1292 3779; baseline 0.003 -32"><span class='ocrx_word' id='word_1_209' title='bbox 143 3695 225 3748; x_wconf 91' lang='lat' dir='ltr'>non</span> <span class='ocrx_word' id='word_1_210' title='bbox 240 3670 468 3751; x_wconf 83' lang='lat' dir='ltr'>crederem?</span> <span class='ocrx_word' id='word_1_211' title='bbox 497 3699 567 3750; x_wconf 92' lang='lat' dir='ltr'>cur</span> <span class='ocrx_word' id='word_1_212' title='bbox 586 3697 661 3779; x_wconf 87' lang='lat' dir='ltr'>ego</span> <span class='ocrx_word' id='word_1_213' title='bbox 683 3670 782 3750; x_wconf 88' lang='lat' dir='ltr'>solus</span> <span class='ocrx_word' id='word_1_214' title='bbox 801 3699 887 3779; x_wconf 85' lang='lat' dir='ltr'>quae</span> <span class='ocrx_word' id='word_1_215' title='bbox 906 3673 946 3750; x_wconf 93' lang='lat' dir='ltr'>in</span> <span class='ocrx_word' id='word_1_216' title='bbox 966 3698 1033 3750; x_wconf 89' lang='lat' dir='ltr'>ore</span> <span class='ocrx_word' id='word_1_217' title='bbox 1048 3668 1232 3750; x_wconf 90' lang='lat' dir='ltr'>omnibus</span> <span class='ocrx_word' id='word_1_218' title='bbox 1252 3689 1292 3750; x_wconf 90' lang='lat' dir='ltr'>et</span> 
     </span>
     <span class='ocr_line' id='line_1_29' title="bbox 144 3779 1290 3878; baseline 0.003 -20"><span class='ocrx_word' id='word_1_219' title='bbox 144 3779 321 3861; x_wconf 86' lang='lat' dir='ltr'>sermone</span> <span class='ocrx_word' id='word_1_220' title='bbox 336 3782 437 3878; x_wconf 90' lang='lat' dir='ltr'>sunt,</span> <span class='ocrx_word' id='word_1_221' title='bbox 451 3782 684 3862; x_wconf 89' lang='lat' dir='ltr'>adversarius</span> <span class='ocrx_word' id='word_1_222' title='bbox 702 3785 898 3861; x_wconf 88' lang='lat' dir='ltr'>tacerem?</span> <span class='ocrx_word' id='word_1_223' title='bbox 929 3782 993 3861; x_wconf 92' lang='lat' dir='ltr'>sed</span> <span class='ocrx_word' id='word_1_224' title='bbox 1012 3809 1084 3862; x_wconf 91' lang='lat' dir='ltr'>nec</span> <span class='ocrx_word' id='word_1_225' title='bbox 1099 3781 1211 3862; x_wconf 89' lang='lat' dir='ltr'>testes</span> <span class='ocrx_word' id='word_1_226' title='bbox 1224 3781 1290 3861; x_wconf 92' lang='lat' dir='ltr'>hic</span> 
     </span>
     <span class='ocr_line' id='line_1_30' title="bbox 144 3889 1291 4002; baseline 0.003 -30"><span class='ocrx_word' id='word_1_227' title='bbox 144 3889 264 3988; x_wconf 90' lang='lat' dir='ltr'>mihi,</span> <span class='ocrx_word' id='word_1_228' title='bbox 280 3922 352 3974; x_wconf 92' lang='lat' dir='ltr'>nec</span> <span class='ocrx_word' id='word_1_229' title='bbox 365 3894 469 4001; x_wconf 89' lang='lat' dir='ltr'>justo</span> <span class='ocrx_word' id='word_1_230' title='bbox 485 3922 651 3974; x_wconf 91' lang='lat' dir='ltr'>numero</span> <span class='ocrx_word' id='word_1_231' title='bbox 672 3922 743 3973; x_wconf 93' lang='lat' dir='ltr'>nec</span> <span class='ocrx_word' id='word_1_232' title='bbox 761 3895 881 3974; x_wconf 86' lang='lat' dir='ltr'>literae</span> <span class='ocrx_word' id='word_1_233' title='bbox 895 3893 1033 3974; x_wconf 91' lang='lat' dir='ltr'>desunt</span> <span class='ocrx_word' id='word_1_234' title='bbox 1048 3924 1059 3988; x_wconf 88' lang='grc'><strong>;</strong></span> <span class='ocrx_word' id='word_1_235' title='bbox 1090 3893 1291 4002; x_wconf 91' lang='lat' dir='ltr'>inquibus</span> 
     </span>
     <span class='ocr_line' id='line_1_31' title="bbox 144 4004 1289 4116; baseline 0.003 -32"><span class='ocrx_word' id='word_1_236' title='bbox 144 4004 268 4086; x_wconf 87' lang='lat' dir='ltr'>literis</span> <span class='ocrx_word' id='word_1_237' title='bbox 294 4027 335 4086; x_wconf 91' lang='lat' dir='ltr'>et</span> <span class='ocrx_word' id='word_1_238' title='bbox 359 4006 541 4086; x_wconf 86' lang='lat' dir='ltr'>libidines</span> <span class='ocrx_word' id='word_1_239' title='bbox 564 4026 638 4087; x_wconf 85' lang='lat' dir='ltr'>tuae</span> <span class='ocrx_word' id='word_1_240' title='bbox 666 4026 706 4085; x_wconf 91' lang='lat' dir='ltr'>et</span> <span class='ocrx_word' id='word_1_241' title='bbox 731 4006 798 4086; x_wconf 88' lang='lat' dir='ltr'>illa</span> <span class='ocrx_word' id='word_1_242' title='bbox 825 4006 993 4115; x_wconf 87' lang='lat' dir='ltr'>perjuria</span> <span class='ocrx_word' id='word_1_243' title='bbox 1017 4034 1188 4113; x_wconf 91' lang='lat' dir='ltr'>quorum</span> <span class='ocrx_word' id='word_1_244' title='bbox 1213 4035 1289 4116; x_wconf 93' lang='lat' dir='ltr'>ope</span> 
     </span>
     <span class='ocr_line' id='line_1_32' title="bbox 142 4115 1290 4227; baseline 0.002 -30"><span class='ocrx_word' id='word_1_245' title='bbox 142 4115 294 4227; x_wconf 84' lang='lat' dir='ltr'>elapsus</span> <span class='ocrx_word' id='word_1_246' title='bbox 324 4146 374 4198; x_wconf 85' lang='lat' dir='ltr'>ex</span> <span class='ocrx_word' id='word_1_247' title='bbox 397 4117 549 4223; x_wconf 90' lang='lat' dir='ltr'>judicio</span> <span class='ocrx_word' id='word_1_248' title='bbox 579 4147 634 4212; x_wconf 90' lang='lat' dir='ltr'>es,</span> <span class='ocrx_word' id='word_1_249' title='bbox 662 4146 756 4198; x_wconf 96' lang='lat' dir='ltr'>cum</span> <span class='ocrx_word' id='word_1_250' title='bbox 784 4116 944 4198; x_wconf 89' lang='lat' dir='ltr'>horrore</span> <span class='ocrx_word' id='word_1_251' title='bbox 972 4146 1017 4197; x_wconf 89' lang='lat' dir='ltr'>ac</span> <span class='ocrx_word' id='word_1_252' title='bbox 1039 4118 1290 4199; x_wconf 90' lang='lat' dir='ltr'>detestatione</span> 
     </span>
     <span class='ocr_line' id='line_1_33' title="bbox 144 4229 1290 4338; baseline 0.002 -30"><span class='ocrx_word' id='word_1_253' title='bbox 144 4229 322 4309; x_wconf 84' lang='lat' dir='ltr'>maxima</span> <span class='ocrx_word' id='word_1_254' title='bbox 336 4248 549 4312; x_wconf 87' lang='lat' dir='ltr'>narrantur.</span> <span class='ocrx_word' id='word_1_255' title='bbox 594 4231 743 4310; x_wconf 86' lang='lat' dir='ltr'>Suntet</span> <span class='ocrx_word' id='word_1_256' title='bbox 754 4231 858 4309; x_wconf 91' lang='lat' dir='ltr'>muti</span> <span class='ocrx_word' id='word_1_257' title='bbox 873 4230 985 4310; x_wconf 90' lang='lat' dir='ltr'>testes</span> <span class='ocrx_word' id='word_1_258' title='bbox 997 4232 1067 4338; x_wconf 93' lang='lat' dir='ltr'>qui</span> <span class='ocrx_word' id='word_1_259' title='bbox 1078 4232 1199 4310; x_wconf 91' lang='lat' dir='ltr'>etiam</span> <span class='ocrx_word' id='word_1_260' title='bbox 1213 4232 1290 4311; x_wconf 88' lang='lat' dir='ltr'>fine</span> 
     </span>
     <span class='ocr_line' id='line_1_34' title="bbox 143 4341 1291 4450; baseline 0.002 -30"><span class='ocrx_word' id='word_1_261' title='bbox 143 4368 241 4421; x_wconf 87' lang='lat' dir='ltr'>voce</span> <span class='ocrx_word' id='word_1_262' title='bbox 258 4342 468 4436; x_wconf 88' lang='lat' dir='ltr'>testantur;</span> <span class='ocrx_word' id='word_1_263' title='bbox 495 4341 561 4421; x_wconf 87' lang='lat' dir='ltr'>illa</span> <span class='ocrx_word' id='word_1_264' title='bbox 574 4346 762 4421; x_wconf 69' lang='lat' dir='ltr'>nocturna</span> <span class='ocrx_word' id='word_1_265' title='bbox 773 4343 912 4421; x_wconf 87' lang='lat' dir='ltr'>itinera</span> <span class='ocrx_word' id='word_1_266' title='bbox 923 4371 1009 4450; x_wconf 85' lang='lat' dir='ltr'>quae</span> <span class='ocrx_word' id='word_1_267' title='bbox 1026 4345 1138 4422; x_wconf 90' lang='lat' dir='ltr'>toties</span> <span class='ocrx_word' id='word_1_268' title='bbox 1153 4343 1291 4450; x_wconf 86' lang='lat' dir='ltr'>Haga-</span> 
     </span>
     <span class='ocr_line' id='line_1_35' title="bbox 142 4452 1291 4546; baseline 0.001 -14"><span class='ocrx_word' id='word_1_269' title='bbox 142 4453 302 4534; x_wconf 90' lang='lat' dir='ltr'>comitis</span> <span class='ocrx_word' id='word_1_270' title='bbox 329 4455 495 4534; x_wconf 90' lang='lat' dir='ltr'>Leidam</span> <span class='ocrx_word' id='word_1_271' title='bbox 528 4454 755 4546; x_wconf 89' lang='lat' dir='ltr'>cucurristi;</span> <span class='ocrx_word' id='word_1_272' title='bbox 793 4455 852 4533; x_wconf 95' lang='lat' dir='ltr'>illi</span> <span class='ocrx_word' id='word_1_273' title='bbox 878 4455 1058 4534; x_wconf 55' lang='lat' dir='ltr'>nocturni</span> <span class='ocrx_word' id='word_1_274' title='bbox 1081 4473 1122 4533; x_wconf 91' lang='lat' dir='ltr'>et</span> <span class='ocrx_word' id='word_1_275' title='bbox 1152 4452 1291 4534; x_wconf 87' lang='lat' dir='ltr'>furtivi</span> 
     </span>
     <span class='ocr_line' id='line_1_36' title="bbox 141 4566 1291 4675; baseline -0.002 -28"><span class='ocrx_word' id='word_1_276' title='bbox 141 4566 365 4674; x_wconf 77' lang='lat' dir='ltr'>congressus</span> <span class='ocrx_word' id='word_1_277' title='bbox 380 4595 474 4646; x_wconf 92' lang='lat' dir='ltr'>curn</span> <span class='ocrx_word' id='word_1_278' title='bbox 490 4567 652 4660; x_wconf 91' lang='lat' dir='ltr'>Pontia;</span> <span class='ocrx_word' id='word_1_279' title='bbox 682 4593 774 4645; x_wconf 92' lang='lat' dir='ltr'>cum</span> <span class='ocrx_word' id='word_1_280' title='bbox 787 4585 919 4675; x_wconf 89' lang='lat' dir='ltr'>quatu</span> <span class='ocrx_word' id='word_1_281' title='bbox 933 4566 1099 4646; x_wconf 89' lang='lat' dir='ltr'>muliere</span> <span class='ocrx_word' id='word_1_282' title='bbox 1116 4592 1185 4674; x_wconf 93' lang='lat' dir='ltr'>per</span> <span class='ocrx_word' id='word_1_283' title='bbox 1195 4593 1291 4645; x_wconf 88' lang='lat' dir='ltr'>cau·</span> 
     </span>
     <span class='ocr_line' id='line_1_37' title="bbox 142 4677 1291 4772; baseline 0.002 -15"><span class='ocrx_word' id='word_1_284' title='bbox 142 4677 241 4771; x_wconf 86' lang='lat' dir='ltr'>sam,</span> <span class='ocrx_word' id='word_1_285' title='bbox 260 4697 307 4759; x_wconf 91' lang='lat' dir='ltr'>ut</span> <span class='ocrx_word' id='word_1_286' title='bbox 324 4680 449 4772; x_wconf 89' lang='lat' dir='ltr'>aiunt,</span> <span class='ocrx_word' id='word_1_287' title='bbox 470 4678 526 4757; x_wconf 92' lang='lat' dir='ltr'>im</span> <span class='ocrx_word' id='word_1_288' title='bbox 558 4677 727 4757; x_wconf 85' lang='lat' dir='ltr'>udicitiae</span> <span class='ocrx_word' id='word_1_289' title='bbox 746 4678 960 4758; x_wconf 90' lang='lat' dir='ltr'>divortium</span> <span class='ocrx_word' id='word_1_290' title='bbox 989 4677 1126 4757; x_wconf 88' lang='lat' dir='ltr'>fecisti.</span> <span class='ocrx_word' id='word_1_291' title='bbox 1187 4679 1291 4759; x_wconf 83' lang='lat' dir='ltr'>Situ</span> 
     </span>
     <span class='ocr_line' id='line_1_38' title="bbox 141 4706 1293 4902; baseline -0.002 -30"><span class='ocrx_word' id='word_1_292' title='bbox 141 4819 233 4872; x_wconf 85' lang='lat' dir='ltr'>eam</span> <span class='ocrx_word' id='word_1_293' title='bbox 246 4787 388 4899; x_wconf 77' lang='lat' dir='ltr'>parlim</span> <span class='ocrx_word' id='word_1_294' title='bbox 407 4706 555 4902; x_wconf 65' lang='lat' dir='ltr'>pudicd</span> <span class='ocrx_word' id='word_1_295' title='bbox 562 4790 750 4871; x_wconf 84' lang='lat' dir='ltr'>versatam</span> <span class='ocrx_word' id='word_1_296' title='bbox 765 4791 936 4872; x_wconf 88' lang='lat' dir='ltr'>interdiu</span> <span class='ocrx_word' id='word_1_297' title='bbox 955 4816 1049 4892; x_wconf 91' lang='lat' dir='ltr'>cum</span> <span class='ocrx_word' id='word_1_298' title='bbox 1064 4788 1149 4869; x_wconf 88' lang='lat' dir='ltr'>aliis</span> <span class='ocrx_word' id='word_1_299' title='bbox 1165 4789 1293 4871; x_wconf 90' lang='lat' dir='ltr'>credi·</span> 
     </span>
    </p>
   </div>
   <div class='ocr_carea' id='block_1_3' title="bbox 0 0 1449 5204">
    <p class='ocr_par' dir='ltr' id='par_1_3' title="bbox 0 0 1449 5204">
     <span class='ocr_line' id='line_1_39' title="bbox 0 0 1449 5204; baseline 0 0"><span class='ocrx_word' id='word_1_300' title='bbox 0 0 1449 5204; x_wconf 95' lang='lat' dir='ltr'> </span> 
     </span>
    </p>
   </div>
  </div>
 </body>
</html>
