2888 5204
369 580 763 717 Supplementum
789 580 1061 718 Responsio
1213 624 1294 702 419

142 756 292 838 virtute
318 786 368 838 an
393 759 510 840 censu
539 762 810 869 magistratum
839 762 955 841 illum
983 763 1024 840 in
1049 763 1207 840 civitate
1232 759 1296 841 sua

142 867 362 953 obtineant.
425 874 569 981 Neque
600 904 666 953 me
694 874 787 954 latet
813 873 1003 954 Consules
1032 892 1071 953 et
1095 874 1295 967 Praetores,

145 980 358 1063 illustriora
379 984 495 1091 longe
512 984 633 1093 quam
654 1015 758 1065 nunc
778 986 865 1065 sunt
885 987 1058 1078 nomina,
1074 988 1194 1065 etiam
1209 1012 1296 1063 ver-

143 1120 247 1185 rem,
263 1123 422 1191 reorum
441 1099 624 1177 omnium
641 1102 780 1178 Romae
799 1097 1117 1207 perditiffimum‚
1131 1095 1297 1176 studiose

142 1204 372 1302 defendisse,
393 1238 487 1289 cum
507 1212 708 1320 provincia
727 1231 822 1304 tota,
843 1209 994 1320 virique
1015 1209 1109 1290 boni
1129 1209 1295 1288 univerfi

143 1318 368 1424 gravissime
384 1324 619 1403 accusarent.
669 1325 763 1402 Hoc
780 1322 980 1402 summum
996 1321 1088 1401 fidei
1104 1342 1178 1401 tuae
1194 1321 1296 1429 pub·

119 1458 123 1467 ·
143 1429 231 1510 licae
243 1436 601 1541 propugnaculum,
614 1432 829 1543 eade'mque
842 1434 936 1513 basis
950 1454 988 1513 et
1002 1433 1297 1514 firmamentum

143 1547 386 1640 maxirnum,
407 1544 530 1653 qudm
561 1547 670 1627 nullo
703 1567 834 1626 tamen
859 1547 1019 1653 negotio
1043 1544 1297 1624 labefadletur

144 1673 187 1735 et
217 1677 387 1751 corruat,
416 1660 538 1738 vides.
610 1662 795 1767 Sequitur
830 1657 1008 1738 Ecclefiae
1041 1657 1295 1736 Amsteroda·

144 1769 287 1848 mensls
309 1770 622 1879 Gallo-Belgica
641 1771 925 1864 testimonium,
945 1768 1200 1877 subscriptore
1219 1771 1295 1849 im·

144 1880 289 1988 primis
320 1881 519 1976 Hotton0,
546 1883 657 1962 Mori
686 1884 843 1977 intim0,
876 1903 930 1975 et,
950 1881 1057 1990 quod
1085 1878 1198 1988 supsd
1227 1881 1296 1960 de·

145 1993 464 2087 monstravimus,
482 1997 603 2101 Regii
615 1995 812 2074 Clamoris
831 1995 999 2075 conscio.
1041 1994 1166 2072 Valde
1186 1992 1298 2072 nobis

145 2103 361 2212 probatum
374 2107 420 2184 sit
436 2108 581 2187 necesse
595 2108 650 2186 est
664 2105 888 2212 hujusmodi
902 2107 1171 2187 testimonium
1185 2105 1296 2210 cujus

144 2215 439 2327 subscriptionis
452 2221 632 2328 princeps
646 2219 701 2298 est
713 2221 931 2299 Hottonus.
963 2220 1038 2298 Sed
1054 2239 1183 2297 tamen
1200 2219 1299 2326 quid

144 2327 298 2423 afferat,
319 2330 533 2412 videamus.
596 2327 759 2411 Tantum
778 2330 905 2440 abeffe,
925 2333 993 2424 ait,
1015 2349 1058 2412 ut
1077 2359 1200 2409 eorum
1218 2330 1297 2410 cri-

144 2439 284 2521 minum
302 2472 382 2522 eum
408 2472 512 2523 reum
536 2443 600 2552 effi‘
606 2443 773 2550 sciamus
791 2461 861 2523 aut
879 2442 1128 2550 agnoscamus,
1145 2470 1298 2550 quorum

145 2551 341 2663 dquodam
361 2556 521 2635 Miltone
541 2556 667 2663 Angla
690 2554 1097 2662 accusatur.-Hujus
1124 2552 1216 2632 fidei
1241 2556 1298 2635 vis

146 2667 340 2760 maxima,
362 2685 406 2745 ut
431 2669 560 2759 video,
589 2669 630 2746 in
662 2668 888 2774 ignorantiae
916 2665 1148 2776 professione
1178 2666 1299 2774 posita

147 2777 219 2857 est.
262 2780 374 2888 Qid
395 2778 471 2859 hoc
492 2779 717 2859 testimonio
736 2779 952 2859 faciamus?
982 2778 1078 2887 quid
1098 2775 1172 2857 hac
1193 2777 1297 2857 fide?

146 2916 237 2998 quae
247 2888 313 2969 sud
324 2890 361 2968 se
374 2889 619 3000 potiffimbm
634 2893 851 2998 ignorantid
862 2892 1128 2972 commendat.
1164 2893 1298 2971 Reum

148 3001 226 3081 esse
256 3002 464 3097 nescimus,
494 3032 573 3083 non
600 3003 869 3110 agnoscimus:
902 3003 978 3084 hoc
1004 3005 1092 3112 quis
1117 3023 1299 3111 praeterea

149 3133 235 3193 toto
255 3116 548 3224 propemodum
568 3117 708 3223 Belgio
728 3117 896 3222 ignorat,
916 3145 1003 3223 quae
1027 3117 1086 3195 illi
1105 3114 1299 3224 praecipui:

145 3226 317 3306 crimina
336 3226 495 3333 objicio,
517 3256 657 3308 eorum
684 3227 814 3335 ipsum
839 3230 879 3306 in
903 3248 1070 3336 utroque
1098 3226 1200 3320 som,
1221 3255 1299 3307 non

146 3366 263 3417 reum
277 3338 397 3419 modb
408 3340 643 3420 diuturnum
656 3339 781 3433 fuisse,
795 3338 858 3418 sed
872 3340 1135 3448 plurimorum
1146 3338 1299 3443 judicio

146 3450 508 3544 damnatiffimum3
540 3481 612 3532 nec
628 3452 698 3531 nifi
718 3452 940 3561 potentium
956 3451 1206 3559 quorundam
1222 3450 1299 3531 stu-

146 3562 249 3656 diis;
281 3560 403 3670 suque
424 3563 528 3643 sacro
548 3567 678 3674 potius
699 3564 827 3643 ordini
846 3561 967 3671 quim
988 3563 1057 3673 ipss
1077 3561 1298 3642 consulere-

148 3693 230 3768 tur,
251 3672 363 3755 fuiffe
383 3675 619 3756 absolutum.
677 3678 856 3755 Tantum
879 3675 985 3754 abest
1011 3694 1055 3754 ut
1082 3702 1194 3754 reum
1223 3674 1297 3754 effe

146 3784 329 3882 sciamus,
361 3806 404 3867 ut
433 3788 564 3868 contrd
588 3788 713 3898 potius
740 3787 787 3867 ab
814 3787 875 3867 illo
899 3787 1090 3895 aliquoties
1117 3787 1299 3866 conciones

131 3897 276 4005 fiacras
306 3901 575 4006 rogaverimus.
649 3901 838 3980 Contenti
869 3927 1012 4007 nempe
1046 3896 1123 3978 hoc
1158 3897 1297 3979 forenfi

142 4009 315 4116 judicio,
346 4012 414 4091 ubi
443 4014 568 4118 gratia
597 4012 685 4121 plus
714 4012 821 4117 justo
854 4013 1008 4120 potuit;
1049 4031 1089 4092 et
1118 4008 1299 4090 suadente

147 4121 362 4232 prasertim
374 4124 572 4216 Hottono,
586 4125 739 4230 quoties
761 4124 840 4231 ipse
861 4123 1044 4232 respirare
1059 4143 1098 4202 et
1113 4122 1188 4202 suis
1208 4151 1298 4232 par-

146 4262 238 4314 cere
256 4237 443 4315 lateribus
465 4235 703 4316 decrevisset.
761 4233 914 4315 Verum
933 4234 1011 4315 hoc
1030 4236 1127 4343 quid
1148 4235 1296 4316 efficit?

147 4365 219 4426 aut
234 4349 323 4454 quis
343 4348 399 4427 est
419 4347 567 4428 nescius
588 4348 733 4426 multos
762 4349 803 4427 in
832 4348 1086 4427 concionibus
1114 4347 1200 4426 satis
1226 4346 1299 4426 effe

147 4460 330 4569 placitos,
360 4459 447 4540 satis
479 4459 608 4541 suaves
638 4488 683 4538 ac
709 4461 895 4552 tinnulos,
916 4462 987 4568 qui
1017 4463 1059 4539 in
1086 4459 1197 4538 omni
1221 4460 1300 4537 vita

150 4571 303 4679 reliqua
321 4571 730 4651 offenfioni'maximae
747 4571 920 4651 fuerint?
961 4571 1123 4651 Etenim
1138 4570 1207 4677 qui
1225 4569 1299 4650 suis

148 4683 382 4765 libidinibus
410 4684 615 4793 explendis
643 4685 711 4764 dat
739 4713 916 4794 operam,
940 4684 1036 4791 quid
1065 4681 1192 4763 obstat
1221 4710 1300 4789 quo

148 4795 286 4878 minus
305 4797 412 4878 idem
433 4796 635 4877 titillandis
654 4796 790 4878 alienis
812 4797 970 4878 auribus
997 4793 1207 4876 commode
1227 4794 1303 4875 ser·
