<?xml version="1.0" encoding="UTF-8"?>
<!DOCTYPE html PUBLIC "-//W3C//DTD XHTML 1.0 Transitional//EN"
    "http://www.w3.org/TR/xhtml1/DTD/xhtml1-transitional.dtd">
<html xmlns="http://www.w3.org/1999/xhtml" xml:lang="en" lang="en">
 <head>
  <title>
</title>
<meta http-equiv="Content-Type" content="text/html;charset=utf-8" />
  <meta name='ocr-system' content='tesseract 3.04.00' />
  <meta name='ocr-capabilities' content='ocr_page ocr_carea ocr_par ocr_line ocrx_word'/>
</head>
<body>
  <div class='ocr_page' id='page_1' title='image "./worksjohnmilton07miltgoog_0345.png"; bbox 0 0 2888 5204; ppageno 0'>
   <div class='ocr_carea' id='block_1_1' title="bbox 142 547 1009 688">
    <p class='ocr_par' dir='ltr' id='par_1_1' title="bbox 142 547 1009 688">
     <span class='ocr_line' id='line_1_1' title="bbox 142 547 1009 688; baseline 0 -43"><span class='ocrx_word' id='word_1_1' title='bbox 142 566 219 673; x_wconf 85' lang='lat'>328</span> <span class='ocrx_word' id='word_1_2' title='bbox 414 557 506 649; x_wconf 92' lang='lat' dir='ltr'>Pro</span> <span class='ocrx_word' id='word_1_3' title='bbox 531 551 717 688; x_wconf 93' lang='lat' dir='ltr'>Populo</span> <span class='ocrx_word' id='word_1_4' title='bbox 742 547 1009 684; x_wconf 81' lang='lat' dir='ltr'>Anglicano</span> 
     </span>
    </p>
   </div>
   <div class='ocr_carea' id='block_1_2' title="bbox 61 722 1292 3639">
    <p class='ocr_par' dir='ltr' id='par_1_2' title="bbox 61 722 1292 3639">
     <span class='ocr_line' id='line_1_2' title="bbox 142 722 1284 823; baseline -0.003 -20"><span class='ocrx_word' id='word_1_5' title='bbox 142 744 310 821; x_wconf 92' lang='lat' dir='ltr'>mutant,</span> <span class='ocrx_word' id='word_1_6' title='bbox 327 729 396 808; x_wconf 92' lang='lat' dir='ltr'>ubi</span> <span class='ocrx_word' id='word_1_7' title='bbox 415 729 552 823; x_wconf 89' lang='lat' dir='ltr'>virtus,</span> <span class='ocrx_word' id='word_1_8' title='bbox 565 728 634 808; x_wconf 91' lang='lat' dir='ltr'>ubi</span> <span class='ocrx_word' id='word_1_9' title='bbox 648 727 849 822; x_wconf 87' lang='lat' dir='ltr'>industria,</span> <span class='ocrx_word' id='word_1_10' title='bbox 864 745 905 806; x_wconf 91' lang='lat' dir='ltr'>et</span> <span class='ocrx_word' id='word_1_11' title='bbox 919 725 1102 806; x_wconf 88' lang='lat' dir='ltr'>laborum</span> <span class='ocrx_word' id='word_1_12' title='bbox 1119 722 1284 805; x_wconf 89' lang='lat' dir='ltr'>toleran-</span> 
     </span>
     <span class='ocr_line' id='line_1_3' title="bbox 143 834 1284 949; baseline -0.003 -34"><span class='ocrx_word' id='word_1_13' title='bbox 143 836 197 917; x_wconf 88' lang='lat' dir='ltr'>tia</span> <span class='ocrx_word' id='word_1_14' title='bbox 223 840 312 948; x_wconf 91' lang='lat' dir='ltr'>plus</span> <span class='ocrx_word' id='word_1_15' title='bbox 331 842 453 948; x_wconf 92' lang='lat' dir='ltr'>viget,</span> <span class='ocrx_word' id='word_1_16' title='bbox 483 839 531 921; x_wconf 83' lang='lat' dir='ltr'>eb</span> <span class='ocrx_word' id='word_1_17' title='bbox 551 840 828 949; x_wconf 87' lang='lat' dir='ltr'>transfugiunt,</span> <span class='ocrx_word' id='word_1_18' title='bbox 852 857 894 918; x_wconf 91' lang='lat' dir='ltr'>et</span> <span class='ocrx_word' id='word_1_19' title='bbox 912 838 1073 946; x_wconf 87' lang='lat' dir='ltr'>ignavos</span> <span class='ocrx_word' id='word_1_20' title='bbox 1093 834 1284 927; x_wconf 81' lang='lat' dir='ltr'>deserunt,</span> 
     </span>
     <span class='ocr_line' id='line_1_4' title="bbox 143 950 1285 1061; baseline -0.004 -31"><span class='ocrx_word' id='word_1_21' title='bbox 143 950 207 1030; x_wconf 89' lang='lat' dir='ltr'>Sic</span> <span class='ocrx_word' id='word_1_22' title='bbox 222 978 317 1058; x_wconf 90' lang='lat' dir='ltr'>gens</span> <span class='ocrx_word' id='word_1_23' title='bbox 332 970 493 1060; x_wconf 87' lang='lat' dir='ltr'><strong>gentem</strong></span> <span class='ocrx_word' id='word_1_24' title='bbox 509 974 637 1061; x_wconf 87' lang='lat' dir='ltr'>urget,</span> <span class='ocrx_word' id='word_1_25' title='bbox 650 973 719 1034; x_wconf 92' lang='lat' dir='ltr'>aut</span> <span class='ocrx_word' id='word_1_26' title='bbox 737 953 860 1032; x_wconf 89' lang='lat' dir='ltr'>sanior</span> <span class='ocrx_word' id='word_1_27' title='bbox 876 979 963 1060; x_wconf 86' lang='lat' dir='ltr'>pars</span> <span class='ocrx_word' id='word_1_28' title='bbox 978 950 1108 1060; x_wconf 83' lang='lat' dir='ltr'>gentis</span> <span class='ocrx_word' id='word_1_29' title='bbox 1125 975 1285 1054; x_wconf 87' lang='lat' dir='ltr'>corrup-</span> 
     </span>
     <span class='ocr_line' id='line_1_5' title="bbox 144 1059 1285 1174; baseline -0.004 -34"><span class='ocrx_word' id='word_1_30' title='bbox 144 1063 287 1143; x_wconf 89' lang='lat' dir='ltr'>tiorem</span> <span class='ocrx_word' id='word_1_31' title='bbox 319 1066 547 1174; x_wconf 86' lang='lat' dir='ltr'>proturbat:</span> <span class='ocrx_word' id='word_1_32' title='bbox 581 1066 630 1145; x_wconf 90' lang='lat' dir='ltr'>fic</span> <span class='ocrx_word' id='word_1_33' title='bbox 650 1093 717 1144; x_wconf 89' lang='lat' dir='ltr'>vos</span> <span class='ocrx_word' id='word_1_34' title='bbox 742 1065 870 1172; x_wconf 86' lang='lat' dir='ltr'>regios</span> <span class='ocrx_word' id='word_1_35' title='bbox 893 1061 1099 1170; x_wconf 80' lang='lat' dir='ltr'>dejecistis.</span> <span class='ocrx_word' id='word_1_36' title='bbox 1158 1059 1201 1138; x_wconf 89' lang='lat' dir='ltr'>Si</span> <span class='ocrx_word' id='word_1_37' title='bbox 1224 1085 1285 1137; x_wconf 91' lang='lat' dir='ltr'>vos</span> 
     </span>
     <span class='ocr_line' id='line_1_6' title="bbox 144 1170 1284 1287; baseline -0.003 -36"><span class='ocrx_word' id='word_1_38' title='bbox 144 1174 184 1251; x_wconf 95' lang='lat' dir='ltr'>in</span> <span class='ocrx_word' id='word_1_39' title='bbox 204 1175 343 1256; x_wconf 92' lang='lat' dir='ltr'>eadem</span> <span class='ocrx_word' id='word_1_40' title='bbox 362 1178 458 1257; x_wconf 87' lang='lat' dir='ltr'>vitia</span> <span class='ocrx_word' id='word_1_41' title='bbox 477 1178 643 1287; x_wconf 88' lang='lat' dir='ltr'>prolabi,</span> <span class='ocrx_word' id='word_1_42' title='bbox 664 1178 691 1257; x_wconf 87' lang='lat' dir='ltr'>fi</span> <span class='ocrx_word' id='word_1_43' title='bbox 712 1176 798 1257; x_wconf 92' lang='lat' dir='ltr'>illos</span> <span class='ocrx_word' id='word_1_44' title='bbox 817 1176 978 1268; x_wconf 91' lang='lat' dir='ltr'>imitari,</span> <span class='ocrx_word' id='word_1_45' title='bbox 1005 1173 1146 1255; x_wconf 89' lang='lat' dir='ltr'>eadem</span> <span class='ocrx_word' id='word_1_46' title='bbox 1166 1170 1284 1279; x_wconf 92' lang='lat' dir='ltr'>sequi,</span> 
     </span>
     <span class='ocr_line' id='line_1_7' title="bbox 145 1283 1285 1398; baseline -0.003 -34"><span class='ocrx_word' id='word_1_47' title='bbox 145 1286 298 1367; x_wconf 88' lang='lat' dir='ltr'>easdem</span> <span class='ocrx_word' id='word_1_48' title='bbox 314 1290 519 1370; x_wconf 87' lang='lat' dir='ltr'>inanitates</span> <span class='ocrx_word' id='word_1_49' title='bbox 538 1292 723 1398; x_wconf 91' lang='lat' dir='ltr'>aucupari</span> <span class='ocrx_word' id='word_1_50' title='bbox 738 1289 935 1398; x_wconf 87' lang='lat' dir='ltr'>ceperitis,</span> <span class='ocrx_word' id='word_1_51' title='bbox 949 1315 1018 1368; x_wconf 91' lang='lat' dir='ltr'>vos</span> <span class='ocrx_word' id='word_1_52' title='bbox 1034 1283 1215 1397; x_wconf 75' lang='lat' dir='ltr'>profeetb</span> <span class='ocrx_word' id='word_1_53' title='bbox 1230 1310 1285 1361; x_wconf 89' lang='lat' dir='ltr'>re·</span> 
     </span>
     <span class='ocr_line' id='line_1_8' title="bbox 146 1395 1285 1505; baseline -0.002 -29"><span class='ocrx_word' id='word_1_54' title='bbox 146 1400 203 1505; x_wconf 89' lang='lat' dir='ltr'>gii</span> <span class='ocrx_word' id='word_1_55' title='bbox 219 1399 313 1494; x_wconf 90' lang='lat' dir='ltr'>istis,</span> <span class='ocrx_word' id='word_1_56' title='bbox 334 1401 398 1481; x_wconf 94' lang='lat' dir='ltr'>vel</span> <span class='ocrx_word' id='word_1_57' title='bbox 418 1402 564 1482; x_wconf 88' lang='lat' dir='ltr'>eisdem</span> <span class='ocrx_word' id='word_1_58' title='bbox 580 1400 709 1482; x_wconf 84' lang='lat' dir='ltr'>adhuc</span> <span class='ocrx_word' id='word_1_59' title='bbox 728 1400 918 1494; x_wconf 85' lang='lat' dir='ltr'>hostibus,</span> <span class='ocrx_word' id='word_1_60' title='bbox 937 1399 1000 1478; x_wconf 89' lang='lat' dir='ltr'>vel</span> <span class='ocrx_word' id='word_1_61' title='bbox 1019 1399 1105 1478; x_wconf 87' lang='lat' dir='ltr'>aliis</span> <span class='ocrx_word' id='word_1_62' title='bbox 1125 1395 1285 1476; x_wconf 84' lang='lat' dir='ltr'>viciffim</span> 
     </span>
     <span class='ocr_line' id='line_1_9' title="bbox 146 1509 1285 1623; baseline -0.003 -34"><span class='ocrx_word' id='word_1_63' title='bbox 146 1514 360 1620; x_wconf 91' lang='lat' dir='ltr'>opportuni</span> <span class='ocrx_word' id='word_1_64' title='bbox 373 1544 383 1606; x_wconf 94' lang='lat'>;</span> <span class='ocrx_word' id='word_1_65' title='bbox 404 1516 473 1621; x_wconf 92' lang='lat' dir='ltr'>qui</span> <span class='ocrx_word' id='word_1_66' title='bbox 488 1512 623 1593; x_wconf 88' lang='lat' dir='ltr'>iisdem</span> <span class='ocrx_word' id='word_1_67' title='bbox 640 1514 688 1593; x_wconf 91' lang='lat' dir='ltr'>ad</span> <span class='ocrx_word' id='word_1_68' title='bbox 703 1516 840 1593; x_wconf 92' lang='lat' dir='ltr'>Deum</span> <span class='ocrx_word' id='word_1_69' title='bbox 856 1511 1052 1623; x_wconf 89' lang='lat' dir='ltr'>precibus,</span> <span class='ocrx_word' id='word_1_70' title='bbox 1067 1509 1209 1590; x_wconf 88' lang='lat' dir='ltr'>eadem</span> <span class='ocrx_word' id='word_1_71' title='bbox 1223 1535 1285 1618; x_wconf 88' lang='lat' dir='ltr'>pa·</span> 
     </span>
     <span class='ocr_line' id='line_1_10' title="bbox 148 1620 1286 1733; baseline -0.004 -31"><span class='ocrx_word' id='word_1_72' title='bbox 148 1623 297 1719; x_wconf 91' lang='lat' dir='ltr'>tientia,</span> <span class='ocrx_word' id='word_1_73' title='bbox 319 1627 554 1733; x_wconf 88' lang='lat' dir='ltr'>integritate,</span> <span class='ocrx_word' id='word_1_74' title='bbox 579 1625 732 1706; x_wconf 87' lang='lat' dir='ltr'>solertia</span> <span class='ocrx_word' id='word_1_75' title='bbox 757 1624 862 1720; x_wconf 90' lang='lat' dir='ltr'>freti,</span> <span class='ocrx_word' id='word_1_76' title='bbox 887 1651 964 1732; x_wconf 93' lang='lat' dir='ltr'>qua</span> <span class='ocrx_word' id='word_1_77' title='bbox 982 1651 1051 1705; x_wconf 90' lang='lat' dir='ltr'>vos</span> <span class='ocrx_word' id='word_1_78' title='bbox 1074 1620 1209 1732; x_wconf 84' lang='lat' dir='ltr'>primb</span> <span class='ocrx_word' id='word_1_79' title='bbox 1227 1648 1286 1699; x_wconf 90' lang='lat' dir='ltr'>va·</span> 
     </span>
     <span class='ocr_line' id='line_1_11' title="bbox 147 1735 1288 1848; baseline 0.004 -34"><span class='ocrx_word' id='word_1_80' title='bbox 147 1735 285 1830; x_wconf 91' lang='lat' dir='ltr'>luistis,</span> <span class='ocrx_word' id='word_1_81' title='bbox 310 1737 538 1848; x_wconf 90' lang='lat' dir='ltr'>depravatos</span> <span class='ocrx_word' id='word_1_82' title='bbox 563 1766 682 1832; x_wconf 91' lang='lat' dir='ltr'>nunc,</span> <span class='ocrx_word' id='word_1_83' title='bbox 705 1758 745 1818; x_wconf 92' lang='lat' dir='ltr'>et</span> <span class='ocrx_word' id='word_1_84' title='bbox 766 1739 807 1817; x_wconf 92' lang='lat' dir='ltr'>in</span> <span class='ocrx_word' id='word_1_85' title='bbox 828 1739 983 1846; x_wconf 89' lang='lat' dir='ltr'>regium</span> <span class='ocrx_word' id='word_1_86' title='bbox 1006 1737 1151 1818; x_wconf 89' lang='lat' dir='ltr'>luxum</span> <span class='ocrx_word' id='word_1_87' title='bbox 1174 1753 1288 1841; x_wconf 85' lang='lat' dir='ltr'>atque.</span> 
     </span>
     <span class='ocr_line' id='line_1_12' title="bbox 147 1847 1286 1963; baseline -0.004 -36"><span class='ocrx_word' id='word_1_88' title='bbox 147 1847 363 1929; x_wconf 87' lang='lat' dir='ltr'>socordiam</span> <span class='ocrx_word' id='word_1_89' title='bbox 380 1850 592 1963; x_wconf 91' lang='lat' dir='ltr'>prolapsos,</span> <span class='ocrx_word' id='word_1_90' title='bbox 605 1850 748 1931; x_wconf 82' lang='lat' dir='ltr'>meritb</span> <span class='ocrx_word' id='word_1_91' title='bbox 768 1849 1041 1958; x_wconf 85' lang='lat' dir='ltr'>subjugabunt.</span> <span class='ocrx_word' id='word_1_92' title='bbox 1099 1850 1213 1928; x_wconf 92' lang='lat' dir='ltr'>Tum</span> <span class='ocrx_word' id='word_1_93' title='bbox 1225 1873 1286 1924; x_wconf 90' lang='lat' dir='ltr'>ve·</span> 
     </span>
     <span class='ocr_line' id='line_1_13' title="bbox 148 1959 1286 2072; baseline -0.003 -34"><span class='ocrx_word' id='word_1_94' title='bbox 148 1959 206 2054; x_wconf 77' lang='lat' dir='ltr'>rb,</span> <span class='ocrx_word' id='word_1_95' title='bbox 219 1962 326 2069; x_wconf 93' lang='lat' dir='ltr'>quod</span> <span class='ocrx_word' id='word_1_96' title='bbox 341 1963 527 2042; x_wconf 90' lang='lat' dir='ltr'>miserum</span> <span class='ocrx_word' id='word_1_97' title='bbox 542 1963 611 2059; x_wconf 92' lang='lat' dir='ltr'>est,</span> <span class='ocrx_word' id='word_1_98' title='bbox 632 1963 879 2056; x_wconf 90' lang='lat' dir='ltr'>videbimini,</span> <span class='ocrx_word' id='word_1_99' title='bbox 900 1961 1013 2072; x_wconf 72' lang='lat' dir='ltr'>plane</span> <span class='ocrx_word' id='word_1_100' title='bbox 1032 1959 1142 2067; x_wconf 87' lang='lat' dir='ltr'>quafi</span> <span class='ocrx_word' id='word_1_101' title='bbox 1157 1960 1286 2037; x_wconf 88' lang='lat' dir='ltr'>Deum</span> 
     </span>
     <span class='ocr_line' id='line_1_14' title="bbox 148 2069 1285 2184; baseline -0.004 -34"><span class='ocrx_word' id='word_1_102' title='bbox 148 2072 264 2153; x_wconf 88' lang='lat' dir='ltr'>vestri</span> <span class='ocrx_word' id='word_1_103' title='bbox 278 2074 532 2183; x_wconf 83' lang='lat' dir='ltr'>poenituiffet,</span> <span class='ocrx_word' id='word_1_104' title='bbox 548 2075 746 2184; x_wconf 78' lang='lat' dir='ltr'>pervasrlle</span> <span class='ocrx_word' id='word_1_105' title='bbox 762 2076 897 2182; x_wconf 88' lang='lat' dir='ltr'>ignem</span> <span class='ocrx_word' id='word_1_106' title='bbox 911 2092 956 2154; x_wconf 92' lang='lat' dir='ltr'>ut</span> <span class='ocrx_word' id='word_1_107' title='bbox 970 2070 1084 2151; x_wconf 86' lang='lat' dir='ltr'>fumo</span> <span class='ocrx_word' id='word_1_108' title='bbox 1101 2069 1285 2179; x_wconf 85' lang='lat' dir='ltr'>pereatis:</span> 
     </span>
     <span class='ocr_line' id='line_1_15' title="bbox 147 2183 1288 2292; baseline -0.004 -29"><span class='ocrx_word' id='word_1_109' title='bbox 147 2205 301 2292; x_wconf 85' lang='lat' dir='ltr'>quantae</span> <span class='ocrx_word' id='word_1_110' title='bbox 319 2214 423 2265; x_wconf 94' lang='lat' dir='ltr'>nunc</span> <span class='ocrx_word' id='word_1_111' title='bbox 448 2187 711 2281; x_wconf 88' lang='lat' dir='ltr'>admirationi,</span> <span class='ocrx_word' id='word_1_112' title='bbox 734 2207 846 2267; x_wconf 85' lang='lat' dir='ltr'>tantae</span> <span class='ocrx_word' id='word_1_113' title='bbox 871 2207 964 2265; x_wconf 91' lang='lat' dir='ltr'>tunc</span> <span class='ocrx_word' id='word_1_114' title='bbox 989 2183 1176 2267; x_wconf 86' lang='lat' dir='ltr'>omnibus</span> <span class='ocrx_word' id='word_1_115' title='bbox 1198 2208 1288 2260; x_wconf 91' lang='lat' dir='ltr'>con·</span> 
     </span>
     <span class='ocr_line' id='line_1_16' title="bbox 149 2293 1288 2408; baseline -0.004 -33"><span class='ocrx_word' id='word_1_116' title='bbox 149 2299 360 2406; x_wconf 90' lang='lat' dir='ltr'>temptioni</span> <span class='ocrx_word' id='word_1_117' title='bbox 379 2300 508 2395; x_wconf 87' lang='lat' dir='ltr'>eritis;</span> <span class='ocrx_word' id='word_1_118' title='bbox 534 2298 611 2379; x_wconf 93' lang='lat' dir='ltr'>hoc</span> <span class='ocrx_word' id='word_1_119' title='bbox 635 2299 760 2378; x_wconf 91' lang='lat' dir='ltr'>solum</span> <span class='ocrx_word' id='word_1_120' title='bbox 783 2298 890 2408; x_wconf 92' lang='lat' dir='ltr'>quod</span> <span class='ocrx_word' id='word_1_121' title='bbox 913 2297 998 2376; x_wconf 92' lang='lat' dir='ltr'>aliis</span> <span class='ocrx_word' id='word_1_122' title='bbox 1021 2293 1191 2387; x_wconf 84' lang='lat' dir='ltr'>fortaffe,</span> <span class='ocrx_word' id='word_1_123' title='bbox 1217 2319 1288 2372; x_wconf 91' lang='lat' dir='ltr'>non</span> 
     </span>
     <span class='ocr_line' id='line_1_17' title="bbox 149 2406 1289 2521; baseline -0.002 -36"><span class='ocrx_word' id='word_1_124' title='bbox 149 2409 273 2502; x_wconf 92' lang='lat' dir='ltr'>vobis,</span> <span class='ocrx_word' id='word_1_125' title='bbox 289 2410 463 2519; x_wconf 83' lang='lat' dir='ltr'>prodeffc</span> <span class='ocrx_word' id='word_1_126' title='bbox 479 2412 519 2490; x_wconf 93' lang='lat' dir='ltr'>in</span> <span class='ocrx_word' id='word_1_127' title='bbox 535 2410 734 2521; x_wconf 91' lang='lat' dir='ltr'>posterum</span> <span class='ocrx_word' id='word_1_128' title='bbox 752 2430 884 2519; x_wconf 90' lang='lat' dir='ltr'>queat,</span> <span class='ocrx_word' id='word_1_129' title='bbox 901 2409 1063 2489; x_wconf 89' lang='lat' dir='ltr'>salutare</span> <span class='ocrx_word' id='word_1_130' title='bbox 1074 2406 1289 2487; x_wconf 89' lang='lat' dir='ltr'>documen-</span> 
     </span>
     <span class='ocr_line' id='line_1_18' title="bbox 61 2519 1290 2631; baseline -0.003 -32"><span class='ocrx_word' id='word_1_131' title='bbox 61 2564 63 2569; x_wconf 94' lang='lat'><em>·</em></span> <span class='ocrx_word' id='word_1_132' title='bbox 150 2542 237 2600; x_wconf 93' lang='lat' dir='ltr'>tum</span> <span class='ocrx_word' id='word_1_133' title='bbox 254 2524 441 2616; x_wconf 69' lang='lat' dir='ltr'>relicturi,</span> <span class='ocrx_word' id='word_1_134' title='bbox 454 2543 617 2631; x_wconf 88' lang='lat' dir='ltr'>quantas</span> <span class='ocrx_word' id='word_1_135' title='bbox 633 2552 692 2602; x_wconf 91' lang='lat' dir='ltr'>res</span> <span class='ocrx_word' id='word_1_136' title='bbox 707 2552 797 2603; x_wconf 94' lang='lat' dir='ltr'>vera</span> <span class='ocrx_word' id='word_1_137' title='bbox 808 2525 930 2603; x_wconf 90' lang='lat' dir='ltr'>virtus</span> <span class='ocrx_word' id='word_1_138' title='bbox 946 2540 985 2601; x_wconf 92' lang='lat' dir='ltr'>et</span> <span class='ocrx_word' id='word_1_139' title='bbox 1001 2522 1126 2631; x_wconf 90' lang='lat' dir='ltr'>pietas</span> <span class='ocrx_word' id='word_1_140' title='bbox 1141 2519 1290 2599; x_wconf 88' lang='lat' dir='ltr'>efficere</span> 
     </span>
     <span class='ocr_line' id='line_1_19' title="bbox 150 2629 1289 2741; baseline -0.004 -29"><span class='ocrx_word' id='word_1_141' title='bbox 150 2635 345 2741; x_wconf 82' lang='lat' dir='ltr'>potuiffet,</span> <span class='ocrx_word' id='word_1_142' title='bbox 366 2664 459 2715; x_wconf 91' lang='lat' dir='ltr'>cum</span> <span class='ocrx_word' id='word_1_143' title='bbox 480 2636 569 2716; x_wconf 66' lang='lat' dir='ltr'>fida</span> <span class='ocrx_word' id='word_1_144' title='bbox 584 2657 624 2716; x_wconf 88' lang='lat' dir='ltr'>et</span> <span class='ocrx_word' id='word_1_145' title='bbox 643 2635 886 2730; x_wconf 90' lang='lat' dir='ltr'>adumbrata,</span> <span class='ocrx_word' id='word_1_146' title='bbox 907 2635 1095 2714; x_wconf 87' lang='lat' dir='ltr'>duntaxat</span> <span class='ocrx_word' id='word_1_147' title='bbox 1119 2629 1224 2711; x_wconf 70' lang='lat' dir='ltr'>belle</span> <span class='ocrx_word' id='word_1_148' title='bbox 1247 2629 1289 2709; x_wconf 86' lang='lat' dir='ltr'>fi-</span> 
     </span>
     <span class='ocr_line' id='line_1_20' title="bbox 149 2745 1290 2858; baseline -0.003 -34"><span class='ocrx_word' id='word_1_149' title='bbox 149 2745 351 2840; x_wconf 91' lang='lat' dir='ltr'>mulando,</span> <span class='ocrx_word' id='word_1_150' title='bbox 369 2770 409 2826; x_wconf 93' lang='lat' dir='ltr'>et</span> <span class='ocrx_word' id='word_1_151' title='bbox 423 2750 585 2855; x_wconf 89' lang='lat' dir='ltr'>aggredi</span> <span class='ocrx_word' id='word_1_152' title='bbox 606 2767 742 2840; x_wconf 86' lang='lat' dir='ltr'>tantas,</span> <span class='ocrx_word' id='word_1_153' title='bbox 759 2768 798 2828; x_wconf 89' lang='lat' dir='ltr'>et</span> <span class='ocrx_word' id='word_1_154' title='bbox 812 2747 1029 2858; x_wconf 82' lang='lat' dir='ltr'>progreffus</span> <span class='ocrx_word' id='word_1_155' title='bbox 1044 2746 1086 2824; x_wconf 93' lang='lat' dir='ltr'>in</span> <span class='ocrx_word' id='word_1_156' title='bbox 1102 2746 1151 2824; x_wconf 90' lang='lat' dir='ltr'>iis</span> <span class='ocrx_word' id='word_1_157' title='bbox 1170 2762 1290 2823; x_wconf 89' lang='lat' dir='ltr'>tantos</span> 
     </span>
     <span class='ocr_line' id='line_1_21' title="bbox 151 2853 1291 2967; baseline -0.005 -29"><span class='ocrx_word' id='word_1_158' title='bbox 151 2886 221 2966; x_wconf 88' lang='lat' dir='ltr'>per</span> <span class='ocrx_word' id='word_1_159' title='bbox 240 2887 307 2938; x_wconf 89' lang='lat' dir='ltr'>vos</span> <span class='ocrx_word' id='word_1_160' title='bbox 331 2857 457 2938; x_wconf 89' lang='lat' dir='ltr'>facere</span> <span class='ocrx_word' id='word_1_161' title='bbox 474 2861 652 2940; x_wconf 89' lang='lat' dir='ltr'>valuerit.</span> <span class='ocrx_word' id='word_1_162' title='bbox 714 2861 811 2941; x_wconf 94' lang='lat' dir='ltr'>Non</span> <span class='ocrx_word' id='word_1_163' title='bbox 836 2863 958 2952; x_wconf 92' lang='lat' dir='ltr'>enim,</span> <span class='ocrx_word' id='word_1_164' title='bbox 980 2860 1006 2938; x_wconf 85' lang='lat' dir='ltr'>fi</span> <span class='ocrx_word' id='word_1_165' title='bbox 1030 2876 1194 2967; x_wconf 91' lang='lat' dir='ltr'>propter</span> <span class='ocrx_word' id='word_1_166' title='bbox 1213 2853 1291 2934; x_wconf 91' lang='lat' dir='ltr'>ves-</span> 
     </span>
     <span class='ocr_line' id='line_1_22' title="bbox 151 2970 1291 3080; baseline -0.004 -31"><span class='ocrx_word' id='word_1_167' title='bbox 151 2992 250 3050; x_wconf 87' lang='lat' dir='ltr'>tram</span> <span class='ocrx_word' id='word_1_168' title='bbox 267 2970 342 3050; x_wconf 88' lang='lat' dir='ltr'>five</span> <span class='ocrx_word' id='word_1_169' title='bbox 357 2973 614 3080; x_wconf 88' lang='lat' dir='ltr'>imperitiam,</span> <span class='ocrx_word' id='word_1_170' title='bbox 631 2972 706 3052; x_wconf 88' lang='lat' dir='ltr'>five</span> <span class='ocrx_word' id='word_1_171' title='bbox 722 2973 1036 3064; x_wconf 90' lang='lat' dir='ltr'>inconstantiam,</span> <span class='ocrx_word' id='word_1_172' title='bbox 1053 2970 1131 3049; x_wconf 85' lang='lat' dir='ltr'>five</span> <span class='ocrx_word' id='word_1_173' title='bbox 1145 2971 1291 3078; x_wconf 90' lang='lat' dir='ltr'>impro-</span> 
     </span>
     <span class='ocr_line' id='line_1_23' title="bbox 150 3081 1291 3194; baseline -0.001 -34"><span class='ocrx_word' id='word_1_174' title='bbox 150 3082 313 3161; x_wconf 88' lang='lat' dir='ltr'>bitatem</span> <span class='ocrx_word' id='word_1_175' title='bbox 339 3102 419 3162; x_wconf 92' lang='lat' dir='ltr'>tam</span> <span class='ocrx_word' id='word_1_176' title='bbox 452 3084 632 3194; x_wconf 73' lang='lat' dir='ltr'>praeclare</span> <span class='ocrx_word' id='word_1_177' title='bbox 659 3084 758 3164; x_wconf 71' lang='lat' dir='ltr'>faeta</span> <span class='ocrx_word' id='word_1_178' title='bbox 784 3084 888 3165; x_wconf 70' lang='lat' dir='ltr'>male</span> <span class='ocrx_word' id='word_1_179' title='bbox 915 3083 1119 3173; x_wconf 75' lang='lat' dir='ltr'>cederunt,</span> <span class='ocrx_word' id='word_1_180' title='bbox 1150 3081 1291 3161; x_wconf 89' lang='lat' dir='ltr'>idcirco</span> 
     </span>
     <span class='ocr_line' id='line_1_24' title="bbox 149 3193 1292 3306; baseline -0.002 -32"><span class='ocrx_word' id='word_1_181' title='bbox 149 3196 242 3274; x_wconf 90' lang='lat' dir='ltr'>viris</span> <span class='ocrx_word' id='word_1_182' title='bbox 258 3195 487 3277; x_wconf 87' lang='lat' dir='ltr'>melioribus</span> <span class='ocrx_word' id='word_1_183' title='bbox 503 3199 634 3276; x_wconf 90' lang='lat' dir='ltr'>minus</span> <span class='ocrx_word' id='word_1_184' title='bbox 650 3197 736 3306; x_wconf 91' lang='lat' dir='ltr'>post</span> <span class='ocrx_word' id='word_1_185' title='bbox 750 3195 833 3304; x_wconf 86' lang='lat' dir='ltr'>haec</span> <span class='ocrx_word' id='word_1_186' title='bbox 842 3197 907 3278; x_wconf 85' lang='lat' dir='ltr'>vel</span> <span class='ocrx_word' id='word_1_187' title='bbox 919 3196 1054 3276; x_wconf 90' lang='lat' dir='ltr'>licebit</span> <span class='ocrx_word' id='word_1_188' title='bbox 1066 3193 1127 3273; x_wconf 93' lang='lat' dir='ltr'>vel</span> <span class='ocrx_word' id='word_1_189' title='bbox 1142 3193 1292 3303; x_wconf 88' lang='lat' dir='ltr'>speran-</span> 
     </span>
     <span class='ocr_line' id='line_1_25' title="bbox 150 3305 1292 3414; baseline -0.004 -28"><span class='ocrx_word' id='word_1_190' title='bbox 150 3305 247 3386; x_wconf 93' lang='lat' dir='ltr'>dum</span> <span class='ocrx_word' id='word_1_191' title='bbox 262 3310 349 3388; x_wconf 90' lang='lat' dir='ltr'>erit.</span> <span class='ocrx_word' id='word_1_192' title='bbox 394 3310 468 3389; x_wconf 87' lang='lat' dir='ltr'>Sed</span> <span class='ocrx_word' id='word_1_193' title='bbox 479 3310 640 3390; x_wconf 85' lang='lat' dir='ltr'>liberare</span> <span class='ocrx_word' id='word_1_194' title='bbox 651 3339 717 3390; x_wconf 93' lang='lat' dir='ltr'>vos</span> <span class='ocrx_word' id='word_1_195' title='bbox 728 3309 859 3391; x_wconf 82' lang='lat' dir='ltr'>denub</span> <span class='ocrx_word' id='word_1_196' title='bbox 872 3332 952 3389; x_wconf 92' lang='lat' dir='ltr'>tam</span> <span class='ocrx_word' id='word_1_197' title='bbox 967 3305 1081 3387; x_wconf 90' lang='lat' dir='ltr'>facile</span> <span class='ocrx_word' id='word_1_198' title='bbox 1094 3325 1292 3414; x_wconf 83' lang='lat' dir='ltr'>corruptos</span> 
     </span>
     <span class='ocr_line' id='line_1_26' title="bbox 149 3417 1289 3529; baseline -0.005 -31"><span class='ocrx_word' id='word_1_199' title='bbox 149 3423 596 3514; x_wconf 90' lang='lat' dir='ltr'>nemo,neCromvellus</span> <span class='ocrx_word' id='word_1_200' title='bbox 609 3424 788 3529; x_wconf 92' lang='lat' dir='ltr'>quidem,</span> <span class='ocrx_word' id='word_1_201' title='bbox 800 3451 872 3502; x_wconf 91' lang='lat' dir='ltr'>nec</span> <span class='ocrx_word' id='word_1_202' title='bbox 884 3442 979 3514; x_wconf 93' lang='lat' dir='ltr'>tota,</span> <span class='ocrx_word' id='word_1_203' title='bbox 993 3420 1020 3499; x_wconf 87' lang='lat' dir='ltr'>fi</span> <span class='ocrx_word' id='word_1_204' title='bbox 1033 3417 1289 3505; x_wconf 87' lang='lat' dir='ltr'>revivisceret,</span> 
     </span>
     <span class='ocr_line' id='line_1_27' title="bbox 152 3525 1291 3639; baseline -0.007 -29"><span class='ocrx_word' id='word_1_205' title='bbox 152 3533 366 3614; x_wconf 90' lang='lat' dir='ltr'>Brutorum</span> <span class='ocrx_word' id='word_1_206' title='bbox 383 3536 488 3614; x_wconf 92' lang='lat' dir='ltr'>natio</span> <span class='ocrx_word' id='word_1_207' title='bbox 508 3534 779 3627; x_wconf 90' lang='lat' dir='ltr'>liberatorum,</span> <span class='ocrx_word' id='word_1_208' title='bbox 796 3553 862 3612; x_wconf 91' lang='lat' dir='ltr'>aut</span> <span class='ocrx_word' id='word_1_209' title='bbox 879 3533 904 3611; x_wconf 83' lang='lat' dir='ltr'>fi</span> <span class='ocrx_word' id='word_1_210' title='bbox 918 3533 1026 3624; x_wconf 90' lang='lat' dir='ltr'>velit,</span> <span class='ocrx_word' id='word_1_211' title='bbox 1041 3529 1171 3639; x_wconf 85' lang='lat' dir='ltr'>poffit,</span> <span class='ocrx_word' id='word_1_212' title='bbox 1186 3548 1253 3609; x_wconf 90' lang='lat' dir='ltr'>aut</span> <span class='ocrx_word' id='word_1_213' title='bbox 1267 3525 1291 3602; x_wconf 89' lang='lat' dir='ltr'>li</span> 
     </span>
    </p>
   </div>
   <div class='ocr_carea' id='block_1_3' title="bbox 150 3635 1291 3758">
    <p class='ocr_par' dir='ltr' id='par_1_3' title="bbox 150 3635 1291 3758">
     <span class='ocr_line' id='line_1_28' title="bbox 150 3635 1291 3758; baseline -0.005 -35"><span class='ocrx_word' id='word_1_214' title='bbox 150 3646 275 3750; x_wconf 84' lang='lat' dir='ltr'>poffit,</span> <span class='ocrx_word' id='word_1_215' title='bbox 292 3642 405 3725; x_wconf 52' lang='lat' dir='ltr'>velit:</span> <span class='ocrx_word' id='word_1_216' title='bbox 462 3647 574 3758; x_wconf 82' lang='lat' dir='ltr'>Qid</span> <span class='ocrx_word' id='word_1_217' title='bbox 594 3647 701 3726; x_wconf 92' lang='lat' dir='ltr'>enim</span> <span class='ocrx_word' id='word_1_218' title='bbox 722 3645 927 3754; x_wconf 92' lang='lat' dir='ltr'>quisquam</span> <span class='ocrx_word' id='word_1_219' title='bbox 947 3643 1057 3723; x_wconf 85' lang='lat' dir='ltr'>vobis</span> <span class='ocrx_word' id='word_1_220' title='bbox 1075 3641 1199 3722; x_wconf 89' lang='lat' dir='ltr'>libera</span> <span class='ocrx_word' id='word_1_221' title='bbox 1218 3635 1291 3720; x_wconf 87' lang='lat' dir='ltr'>suf·</span> 
     </span>
    </p>
   </div>
   <div class='ocr_carea' id='block_1_4' title="bbox 18 3752 1292 3867">
    <p class='ocr_par' dir='ltr' id='par_1_4' title="bbox 18 3752 1292 3867">
     <span class='ocr_line' id='line_1_29' title="bbox 18 3752 1292 3867; baseline -0.002 -33"><span class='ocrx_word' id='word_1_222' title='bbox 18 3834 22 3845; x_wconf 80' lang='lat'><em>.</em></span> <span class='ocrx_word' id='word_1_223' title='bbox 151 3752 274 3863; x_wconf 89' lang='lat' dir='ltr'>fragia</span> <span class='ocrx_word' id='word_1_224' title='bbox 294 3778 333 3838; x_wconf 91' lang='lat' dir='ltr'>et</span> <span class='ocrx_word' id='word_1_225' title='bbox 353 3759 524 3865; x_wconf 91' lang='lat' dir='ltr'>eligendi</span> <span class='ocrx_word' id='word_1_226' title='bbox 545 3787 643 3867; x_wconf 88' lang='lat' dir='ltr'>quos</span> <span class='ocrx_word' id='word_1_227' title='bbox 662 3759 779 3837; x_wconf 90' lang='lat' dir='ltr'>vultis</span> <span class='ocrx_word' id='word_1_228' title='bbox 802 3758 843 3834; x_wconf 93' lang='lat' dir='ltr'>in</span> <span class='ocrx_word' id='word_1_229' title='bbox 868 3757 1041 3835; x_wconf 90' lang='lat' dir='ltr'>senatum</span> <span class='ocrx_word' id='word_1_230' title='bbox 1065 3754 1292 3863; x_wconf 87' lang='lat' dir='ltr'>potestatem</span> 
     </span>
    </p>
   </div>
   <div class='ocr_carea' id='block_1_5' title="bbox 149 3865 1294 4876">
    <p class='ocr_par' dir='ltr' id='par_1_5' title="bbox 149 3865 1294 4876">
     <span class='ocr_line' id='line_1_30' title="bbox 151 3865 1291 3978; baseline -0.004 -32"><span class='ocrx_word' id='word_1_231' title='bbox 151 3889 237 3946; x_wconf 92' lang='lat' dir='ltr'>tum</span> <span class='ocrx_word' id='word_1_232' title='bbox 254 3868 444 3963; x_wconf 75' lang='lat' dir='ltr'>assereret,</span> <span class='ocrx_word' id='word_1_233' title='bbox 459 3899 507 3951; x_wconf 93' lang='lat' dir='ltr'>an</span> <span class='ocrx_word' id='word_1_234' title='bbox 524 3888 567 3949; x_wconf 93' lang='lat' dir='ltr'>ut</span> <span class='ocrx_word' id='word_1_235' title='bbox 582 3870 655 3949; x_wconf 89' lang='lat' dir='ltr'>suae</span> <span class='ocrx_word' id='word_1_236' title='bbox 666 3869 829 3978; x_wconf 88' lang='lat' dir='ltr'>quisque</span> <span class='ocrx_word' id='word_1_237' title='bbox 842 3867 1020 3948; x_wconf 71' lang='lat' dir='ltr'>factionis</span> <span class='ocrx_word' id='word_1_238' title='bbox 1032 3865 1217 3947; x_wconf 87' lang='lat' dir='ltr'>homines</span> <span class='ocrx_word' id='word_1_239' title='bbox 1228 3893 1291 3976; x_wconf 87' lang='lat' dir='ltr'>per</span> 
     </span>
     <span class='ocr_line' id='line_1_31' title="bbox 152 3977 1291 4090; baseline 0.004 -35"><span class='ocrx_word' id='word_1_240' title='bbox 152 3979 280 4072; x_wconf 90' lang='lat' dir='ltr'>urbes,</span> <span class='ocrx_word' id='word_1_241' title='bbox 298 4002 364 4061; x_wconf 92' lang='lat' dir='ltr'>aut</span> <span class='ocrx_word' id='word_1_242' title='bbox 376 3984 445 4090; x_wconf 93' lang='lat' dir='ltr'>qui</span> <span class='ocrx_word' id='word_1_243' title='bbox 462 3981 651 4061; x_wconf 89' lang='lat' dir='ltr'>conviviis</span> <span class='ocrx_word' id='word_1_244' title='bbox 670 3977 825 4061; x_wconf 69' lang='lat' dir='ltr'>undiirs</span> <span class='ocrx_word' id='word_1_245' title='bbox 837 4010 919 4075; x_wconf 93' lang='lat' dir='ltr'>vos,</span> <span class='ocrx_word' id='word_1_246' title='bbox 936 3999 976 4059; x_wconf 93' lang='lat' dir='ltr'>et</span> <span class='ocrx_word' id='word_1_247' title='bbox 990 3979 1205 4085; x_wconf 87' lang='lat' dir='ltr'>majoribus</span> <span class='ocrx_word' id='word_1_248' title='bbox 1225 4006 1291 4087; x_wconf 89' lang='lat' dir='ltr'>po-</span> 
     </span>
     <span class='ocr_line' id='line_1_32' title="bbox 151 4085 1291 4202; baseline 0 -35"><span class='ocrx_word' id='word_1_249' title='bbox 151 4092 249 4170; x_wconf 87' lang='lat' dir='ltr'>culis</span> <span class='ocrx_word' id='word_1_250' title='bbox 266 4121 335 4201; x_wconf 92' lang='lat' dir='ltr'>per</span> <span class='ocrx_word' id='word_1_251' title='bbox 349 4094 566 4202; x_wconf 91' lang='lat' dir='ltr'>municipia</span> <span class='ocrx_word' id='word_1_252' title='bbox 578 4093 737 4174; x_wconf 92' lang='lat' dir='ltr'>colonos</span> <span class='ocrx_word' id='word_1_253' title='bbox 749 4122 793 4174; x_wconf 87' lang='lat' dir='ltr'>ac</span> <span class='ocrx_word' id='word_1_254' title='bbox 807 4093 968 4173; x_wconf 90' lang='lat' dir='ltr'>rusticos</span> <span class='ocrx_word' id='word_1_255' title='bbox 980 4085 1291 4201; x_wconf 86' lang='lat' dir='ltr'>exceperit,eum</span> 
     </span>
     <span class='ocr_line' id='line_1_33' title="bbox 151 4204 1292 4314; baseline -0.002 -32"><span class='ocrx_word' id='word_1_256' title='bbox 151 4209 403 4312; x_wconf 88' lang='lat' dir='ltr'>quantumvis</span> <span class='ocrx_word' id='word_1_257' title='bbox 419 4207 628 4313; x_wconf 92' lang='lat' dir='ltr'>indignum</span> <span class='ocrx_word' id='word_1_258' title='bbox 648 4207 793 4313; x_wconf 89' lang='lat' dir='ltr'>eligere</span> <span class='ocrx_word' id='word_1_259' title='bbox 814 4204 987 4312; x_wconf 84' lang='lat' dir='ltr'>poffitis?</span> <span class='ocrx_word' id='word_1_260' title='bbox 1019 4204 1073 4282; x_wconf 90' lang='lat' dir='ltr'>ita</span> <span class='ocrx_word' id='word_1_261' title='bbox 1100 4231 1182 4284; x_wconf 92' lang='lat' dir='ltr'>non</span> <span class='ocrx_word' id='word_1_262' title='bbox 1204 4230 1292 4314; x_wconf 93' lang='lat' dir='ltr'>pru·</span> 
     </span>
     <span class='ocr_line' id='line_1_34' title="bbox 151 4315 1292 4422; baseline -0.001 -27"><span class='ocrx_word' id='word_1_263' title='bbox 151 4318 296 4411; x_wconf 93' lang='lat' dir='ltr'>dentia,</span> <span class='ocrx_word' id='word_1_264' title='bbox 314 4346 392 4398; x_wconf 93' lang='lat' dir='ltr'>non</span> <span class='ocrx_word' id='word_1_265' title='bbox 408 4317 637 4411; x_wconf 90' lang='lat' dir='ltr'>authoritas,</span> <span class='ocrx_word' id='word_1_266' title='bbox 653 4318 716 4398; x_wconf 90' lang='lat' dir='ltr'>sed</span> <span class='ocrx_word' id='word_1_267' title='bbox 737 4315 855 4397; x_wconf 69' lang='lat' dir='ltr'>factio</span> <span class='ocrx_word' id='word_1_268' title='bbox 868 4335 907 4396; x_wconf 91' lang='lat' dir='ltr'>et</span> <span class='ocrx_word' id='word_1_269' title='bbox 922 4316 1067 4422; x_wconf 86' lang='lat' dir='ltr'>sagina,</span> <span class='ocrx_word' id='word_1_270' title='bbox 1083 4338 1152 4395; x_wconf 92' lang='lat' dir='ltr'>aut</span> <span class='ocrx_word' id='word_1_271' title='bbox 1171 4344 1222 4396; x_wconf 83' lang='lat' dir='ltr'>ex</span> <span class='ocrx_word' id='word_1_272' title='bbox 1241 4332 1292 4394; x_wconf 84' lang='lat' dir='ltr'>ta·</span> 
     </span>
     <span class='ocr_line' id='line_1_35' title="bbox 150 4426 1291 4539; baseline -0.006 -30"><span class='ocrx_word' id='word_1_273' title='bbox 150 4429 280 4510; x_wconf 88' lang='lat' dir='ltr'>bernis</span> <span class='ocrx_word' id='word_1_274' title='bbox 302 4431 446 4509; x_wconf 90' lang='lat' dir='ltr'>urbicis</span> <span class='ocrx_word' id='word_1_275' title='bbox 465 4457 661 4539; x_wconf 88' lang='lat' dir='ltr'>caupones</span> <span class='ocrx_word' id='word_1_276' title='bbox 680 4450 719 4510; x_wconf 91' lang='lat' dir='ltr'>et</span> <span class='ocrx_word' id='word_1_277' title='bbox 739 4430 932 4509; x_wconf 90' lang='lat' dir='ltr'>institores</span> <span class='ocrx_word' id='word_1_278' title='bbox 950 4426 1211 4536; x_wconf 77' lang='lat' dir='ltr'>Reipublicae,</span> <span class='ocrx_word' id='word_1_279' title='bbox 1230 4441 1291 4505; x_wconf 83' lang='lat' dir='ltr'>aut</span> 
     </span>
     <span class='ocr_line' id='line_1_36' title="bbox 151 4537 1293 4652; baseline -0.004 -32"><span class='ocrx_word' id='word_1_280' title='bbox 151 4570 200 4621; x_wconf 88' lang='lat' dir='ltr'>ex</span> <span class='ocrx_word' id='word_1_281' title='bbox 221 4545 330 4652; x_wconf 84' lang='lat' dir='ltr'>pagis</span> <span class='ocrx_word' id='word_1_282' title='bbox 346 4542 553 4634; x_wconf 85' lang='lat' dir='ltr'>bubulcos,</span> <span class='ocrx_word' id='word_1_283' title='bbox 570 4560 610 4620; x_wconf 92' lang='lat' dir='ltr'>et</span> <span class='ocrx_word' id='word_1_284' title='bbox 629 4540 719 4621; x_wconf 72' lang='lat' dir='ltr'>vere</span> <span class='ocrx_word' id='word_1_285' title='bbox 740 4543 942 4651; x_wconf 92' lang='lat' dir='ltr'>pecuarios</span> <span class='ocrx_word' id='word_1_286' title='bbox 953 4543 1174 4633; x_wconf 87' lang='lat' dir='ltr'>Senatores,</span> <span class='ocrx_word' id='word_1_287' title='bbox 1188 4537 1293 4618; x_wconf 86' lang='lat' dir='ltr'>nobis</span> 
     </span>
     <span class='ocr_line' id='line_1_37' title="bbox 149 4653 1292 4763; baseline -0.004 -30"><span class='ocrx_word' id='word_1_288' title='bbox 149 4656 349 4734; x_wconf 88' lang='lat' dir='ltr'>creaverit.</span> <span class='ocrx_word' id='word_1_289' title='bbox 400 4655 484 4733; x_wconf 91' lang='lat' dir='ltr'>Illis</span> <span class='ocrx_word' id='word_1_290' title='bbox 499 4682 643 4763; x_wconf 90' lang='lat' dir='ltr'>nempe</span> <span class='ocrx_word' id='word_1_291' title='bbox 661 4653 969 4763; x_wconf 88' lang='lat' dir='ltr'>Rempublicam</span> <span class='ocrx_word' id='word_1_292' title='bbox 985 4653 1292 4739; x_wconf 87' lang='lat' dir='ltr'>commendaret,</span> 
     </span>
     <span class='ocr_line' id='line_1_38' title="bbox 149 4762 1294 4876; baseline -0.005 -32"><span class='ocrx_word' id='word_1_293' title='bbox 149 4767 291 4876; x_wconf 90' lang='lat' dir='ltr'>quibus</span> <span class='ocrx_word' id='word_1_294' title='bbox 321 4768 381 4846; x_wconf 95' lang='lat' dir='ltr'>vel</span> <span class='ocrx_word' id='word_1_295' title='bbox 411 4795 494 4846; x_wconf 90' lang='lat' dir='ltr'>rem</span> <span class='ocrx_word' id='word_1_296' title='bbox 523 4767 716 4875; x_wconf 89' lang='lat' dir='ltr'>privatam</span> <span class='ocrx_word' id='word_1_297' title='bbox 747 4794 865 4859; x_wconf 90' lang='lat' dir='ltr'>nemo</span> <span class='ocrx_word' id='word_1_298' title='bbox 895 4765 1194 4846; x_wconf 86' lang='lat' dir='ltr'>committeret?</span> <span class='ocrx_word' id='word_1_299' title='bbox 1224 4762 1294 4845; x_wconf 91' lang='lat' dir='ltr'>illis</span> 
     </span>
    </p>
   </div>
   <div class='ocr_carea' id='block_1_6' title="bbox 0 0 1459 5204">
    <p class='ocr_par' dir='ltr' id='par_1_6' title="bbox 0 0 1459 5204">
     <span class='ocr_line' id='line_1_39' title="bbox 0 0 1459 5204; baseline 0 0"><span class='ocrx_word' id='word_1_300' title='bbox 0 0 1459 5204; x_wconf 95' lang='lat' dir='ltr'> </span> 
     </span>
    </p>
   </div>
  </div>
 </body>
</html>
