2888 5204
471 548 696 650 Defensio
721 551 948 651 Secunda.
1202 571 1279 678 263

124 722 339 836 phantem,
349 756 474 837 eaque
488 729 701 825 dicentem,
715 728 1002 838 qualiacunque
1021 727 1121 824 sunt,
1137 729 1280 838 quibus

124 864 203 919 nec
218 840 426 921 Salmasius
436 841 533 950 ipse,
547 869 619 921 nec
635 842 778 922 Morus
790 841 955 921 meliora
971 841 1139 935 dixisset,
1152 843 1280 951 Equi·

124 951 225 1033 dem
239 953 484 1046 salmasium,
506 973 551 1032 ut
565 953 661 1062 saepe
676 954 784 1049 alias,
804 955 858 1033 ita
878 952 954 1033 hoc
974 953 1061 1033 loco
1080 950 1187 1034 haud
1207 955 1280 1033 ob-

124 1061 291 1160 ssurdffl
303 1066 431 1146 multa
441 1065 624 1158 lectione,
625 1065 777 1171 judicio
788 1084 919 1145 tamen
932 1065 1121 1174 pueriliet
1132 1067 1279 1146 nullius

124 1172 222 1257 osus
243 1173 451 1257 hominem
465 1176 729 1286 deprehendi;
751 1180 821 1285 qui
835 1173 931 1257 clun
945 1177 1075 1285 legere
1095 1178 1280 1289 potuisset

124 1284 307 1369 lirmmos
326 1290 368 1368 in
388 1293 574 1399 Spartana
593 1290 750 1369 civitate
768 1287 920 1398 optime
940 1289 1114 1370 instituta
1133 1290 1277 1398 magis-

124 1417 268 1495 iratus,
281 1401 310 1480 fi
324 1402 422 1510 quid
438 1399 540 1482 sorte
552 1401 637 1480 viro
653 1401 757 1480 malo
769 1400 971 1497 excidisset
982 1399 1178 1511 sapientur
1192 1403 1277 1482 dic-

124 1531 233 1608 tum,
248 1510 289 1590 id
307 1513 346 1592 ei
360 1514 484 1594 adimi
496 1512 654 1621 juffiffe,
671 1530 711 1592 et
730 1514 772 1592 in
785 1515 918 1592 virum
933 1511 1107 1620 aliquem
1125 1513 1277 1595 bonum

124 1650 169 1708 rc
186 1621 298 1731 frugi
312 1623 512 1706 sortitione
528 1623 713 1717 conferri,
729 1623 826 1705 adeo
845 1625 886 1704 id
902 1651 1021 1704 omne
1036 1625 1144 1732 quod
1159 1626 1277 1706 deco-

124 1758 221 1817 rum
233 1737 377 1818 dicitur
390 1738 596 1846 ignordrit,
609 1735 687 1816 ute
702 1757 851 1830 contra,
864 1763 960 1844 quas
975 1736 1147 1845 probum
1160 1755 1277 1846 atque

124 1847 367 1958 prudentem
379 1849 517 1930 decere
537 1848 742 1929 sententias
761 1849 1027 1942 arbitraretur,
1041 1877 1104 1929 eas
1120 1847 1276 1930 homini

124 1960 367 2068 nequissimo
385 1960 547 2042 attribui
566 1959 780 2042 sustineret.
842 1962 954 2040 Bono
969 1988 1010 2039 es
1029 1962 1177 2056 animo,
1199 1963 1278 2042 Ca-

124 2072 235 2155 rolez
265 2091 458 2154 veterator
472 2073 658 2166 Vlaccus,
674 2072 843 2182 quaestra
861 2072 910 2180 ψ
929 2073 968 2154 in
984 2074 1110 2154 Deum
1111 2070 1275 2182 fiduct'a,

124 2183 238 2265 bono
261 2186 395 2265 animo
425 2204 464 2264 te
494 2184 568 2265 elle
588 2184 715 2290 jubet.
776 2184 872 2265 Noli
888 2202 944 2266 tot
973 2186 1072 2264 mala
1093 2185 1277 2293 perdere:

124 2294 300 2377 Vlaccus
319 2297 502 2377 decodtor
525 2296 817 2404 perditiffimus,
841 2296 911 2403 qui
930 2296 1032 2376 bona
1050 2298 1199 2391 omnia,
1228 2297 1279 2377 si-

124 2436 208 2517 qua
227 2405 382 2502 habuit,
402 2408 588 2518 perdidit,
608 2406 751 2488 author
772 2409 844 2487 tibi
856 2406 926 2500 est,
942 2407 1103 2515 perdere
1118 2426 1163 2487 ut
1178 2409 1278 2488 nolis

124 2519 259 2602 mala:
282 2522 428 2602 Fruere
439 2538 662 2601 novercante
666 2520 839 2628 sortund
850 2551 865 2599 .·
889 2520 1058 2600 Potin’es
1072 2536 1117 2597 ut
1133 2517 1181 2599 ne
1193 2517 1278 2600 sru-

124 2658 208 2726 are,
220 2629 420 2712 hortatore
431 2630 643 2743 praesertim
656 2632 815 2740 tali,qui
826 2631 961 2711 alienis
974 2632 1095 2712 etiam
1110 2630 1277 2712 fortunis

124 2742 209 2825 frui
224 2744 364 2853 persas
378 2764 418 2824 et
432 2742 541 2824 nefas
556 2762 615 2825 tot
628 2745 737 2824 annis
751 2742 979 2823 consuevit?
1000 2747 1047 2822 In
1049 2741 1278 2854 sapientiam

124 2853 275 2966 pent'trls
290 2854 545 2964 ingurgitasti,
559 2873 597 2934 et
611 2855 833 2963 ingurgito:
865 2856 915 2935 fic
938 2874 1089 2950 monet,
1109 2856 1161 2937 fic
1179 2883 1278 2966 prae·

124 2967 228 3078 cipit
246 2994 387 3076 regum
407 2968 610 3049 Institutor
629 2966 716 3047 sane
735 2967 910 3076 optimus
929 2965 1098 3047 Vlaccus
1118 2995 1276 3076 gurges,

124 3079 198 3189 qui
222 3081 376 3190 arrepti
402 3079 668 3160 atramentolis
698 3078 894 3173 manibus,
922 3079 1097 3159 coriaced
1124 3080 1276 3187 legend,

124 3193 231 3273 inter
248 3191 503 3272 combibones
522 3219 674 3300 operas,
696 3191 849 3296 ingenti
867 3187 1023 3285 haustu,
1047 3190 1277 3301 sapientiam

124 3302 201 3387 tibi
221 3306 417 3415 propinat.
447 3305 546 3383 Haec
566 3303 684 3383 audet
698 3320 787 3381 tuus
799 3302 982 3396 Vlaccus,
1000 3320 1082 3382 tam
1096 3303 1277 3412 praeclara

124 3415 295 3509 monita,
307 3416 467 3495 nomine
480 3417 601 3495 etiam
613 3413 849 3522 conscript0,
862 3414 1176 3520 quaeSalmafius,
1190 3443 1277 3522 quae

124 3527 288 3620 Morus,
307 3528 515 3635 caeterique
530 3527 685 3637 pugiles
706 3527 766 3606 tui
781 3542 849 3605 aut
868 3525 1001 3606 timidi
1016 3552 1095 3605 non
1114 3526 1273 3620 audent,

124 3658 194 3721 aut
213 3636 370 3746 superbi
383 3666 462 3719 non
481 3639 715 3745 dignantur3
747 3637 940 3716 nimirum
959 3637 1114 3743 quoties
1133 3654 1171 3716 te
1187 3665 1276 3718 mo-

124 3751 211 3831 nito
223 3750 280 3829 est
291 3778 390 3861 opus
402 3769 469 3831 aut
479 3749 652 3843 defense,
666 3750 793 3829 alieno
809 3748 962 3857 semper
973 3749 1274 3858 nomine,atque

124 3861 320 3974 periculo,
340 3890 419 3943 non
435 3861 518 3956 suo,
539 3860 728 3971 sapientes
743 3879 810 3940 aut
821 3860 943 3942 fortes
959 3858 1058 3940 sunt.
1113 3862 1275 3942 Desinat

124 4001 238 4082 erge,
253 3972 428 4083 quisquis
440 3972 506 4053 hic
519 3973 589 4066 est,
596 3974 791 4081 strenuam
802 3990 839 4052 et
850 3971 1044 4079 antinosam
1049 3972 1275 4080 facundiam

125 4086 209 4196 ipse
229 4085 338 4165 suam
353 4086 519 4166 inaniter
532 4086 699 4192 jaetare3
717 4085 814 4165 dum
829 4085 908 4182 vir,
923 4085 949 4163 sr
965 4085 1040 4165 diis
1055 4085 1199 4193 placet,
1215 4087 1274 4167 in-

124 4196 251 4306 stgnir,
279 4196 404 4278 decoro
429 4197 569 4305 ingenio
587 4226 710 4276 nomen
725 4195 842 4303 suum
867 4194 1137 4277 celeberrimum
1160 4198 1274 4278 edere

124 4311 296 4404 metuit;
316 4309 480 4401 librum,
493 4336 573 4416 quo
588 4311 742 4415 regium
759 4308 988 4416 sanguinem
1002 4307 1136 4388 ulcisci
1150 4307 1188 4387 se
1202 4311 1272 4403 ait,

124 4451 177 4504 ne
195 4420 326 4502 dicare
345 4423 509 4530 quidem
526 4421 671 4501 Carolo
691 4420 761 4499 nifi
781 4449 851 4528 per
867 4420 1062 4501 Vlaccum
1080 4421 1274 4530 interpre-

124 4552 266 4617 temet
282 4534 476 4614 vicarium
492 4532 618 4626 ausus,
632 4533 760 4613 verbis
774 4530 1011 4642 typographi
1026 4529 1164 4612 misere
1176 4559 1274 4611 con-

124 4665 255 4728 tentus
274 4645 505 4754 significare,
525 4644 660 4724 librum
680 4643 733 4739 se,
750 4645 828 4724 fine
845 4646 1020 4737 nomine,
1025 4643 1070 4748 st
1078 4643 1277 4752 paterius

124 4761 226 4855 Rex,
244 4776 309 4839 tuo
326 4757 465 4839 nomini
483 4755 647 4838 dicatum
672 4758 740 4836 ire.
801 4756 864 4836 Sic
892 4754 1047 4836 fundtus
1068 4754 1214 4836 Carolo
1234 4756 1275 4834 in
