2888 5204
154 192 229 248 112
416 160 506 251 Pro
533 155 717 290 Populo
745 154 1012 288 Anglicano

148 359 252 412 necae
277 331 414 439 tragici
434 332 537 411 etad
558 333 713 412 Graecos
733 330 870 413 referri
899 329 1040 441 potest,
1061 348 1103 409 et
1133 331 1180 411 ad
1209 331 1273 410 Ro·

149 472 286 525 manos
301 473 312 524 ε

481 605 640 686 Villima
659 606 764 686 haud
779 607 857 686 ulla
874 607 1030 716 amplior

347 719 484 828 Potest,
504 716 687 847 magffque
706 719 824 828 opima
842 719 1009 800 multari
1023 718 1129 828 Javi

346 834 467 939 Qum
486 860 554 910 rex
573 860 731 941 iniquus.

149 1008 262 1088 Nam
277 1006 304 1084 fi
320 1006 368 1086 ad
388 1004 610 1085 Herculem
628 1003 788 1115 spectes,
804 1005 913 1111 cujus
928 1002 1011 1086 ltaec
1026 1003 1218 1086 sententia
1235 1005 1290 1087 in·

148 1120 322 1213 ducitur,
341 1118 437 1226 quid
460 1116 644 1197 senserint
671 1116 738 1196 illa
763 1136 873 1197 aetate
894 1118 1127 1198 Graecorum
1153 1116 1292 1199 summi

149 1232 224 1312 viri
237 1231 430 1312 ostendit:
461 1229 549 1309 fiad
561 1237 735 1339 podtam,
747 1231 818 1338 qui
835 1230 903 1309 sub
917 1232 1081 1311 Nerone
1092 1228 1228 1311 floruit
1239 1230 1292 1337 (et

150 1342 302 1424 sensum
315 1342 395 1423 fere
414 1340 527 1421 suum
541 1349 664 1449 poe'tae
675 1341 847 1450 personia
859 1343 1021 1451 optimis
1034 1341 1223 1450 affingere
1237 1341 1292 1422 lo·

148 1457 247 1563 lent)
265 1454 503 1564 significabat
518 1472 558 1532 et
571 1453 666 1561 quid
680 1453 773 1562 ipse,
787 1455 935 1562 etquid
948 1452 1291 1548 omnesviriboni,

148 1585 257 1648 aetate
276 1569 397 1646 etiam
416 1565 604 1659 Neronis,
625 1563 853 1655 faciendum
867 1587 1030 1674 tyranno
1048 1566 1292 1661 censuerint3

148 1706 347 1787 quamque
366 1679 495 1787 pium,
512 1705 713 1785 quamque
737 1679 811 1758 diis
830 1697 987 1786 gratum
1011 1677 1085 1758 elle
1109 1679 1295 1759 duxerint

148 1791 469 1900 tyrannicidium.
533 1790 597 1869 Sic
633 1791 778 1900 optimi
815 1791 964 1899 quique
1003 1792 1300 1884 Romanorum,-

149 1923 342 2012 quantum
356 1903 398 1982 in
413 1902 449 1982 se
464 1916 559 1996 crat,
576 1902 858 1983 Domitianum
873 1903 1116 1983 occiderunt.
1158 1900 1294 1983 Palam

148 2013 226 2096 hoc
244 2015 450 2126 profitetur
467 2014 618 2094 Plinius
643 2013 832 2095 secundus
852 2016 891 2094 in
916 2016 986 2096 illo
1005 2015 1054 2095 ad
1076 2013 1295 2121 Trajanuru

148 2129 428 2239 imperatorem
452 2126 708 2233 Panegyrico.
767 2125 951 2236 Juuabat
972 2124 1113 2208 illidere
1124 2126 1207 2233 pto
1221 2125 1294 2236 str-

141 2237 360 2350 perbislnro's
387 2241 532 2332 vultus,
562 2238 696 2347 instare
709 2238 840 2347 ferro,
853 2238 1000 2346 seruire
1012 2237 1235 2347 securibus,
1253 2256 1296 2320 ut

132 2352 302 2458 singulas
324 2352 420 2431 illus
435 2350 597 2458 sanguis
620 2350 788 2460 dolorque
804 2349 1055 2462 sequeretur:
1085 2379 1185 2432 nemo
1218 2360 1299 2433 tarn

146 2480 353 2572 temperans
375 2461 521 2571 gaudii,
540 2462 630 2571 quin
654 2463 771 2571 irssar
798 2463 946 2544 ultionis
972 2463 1125 2545 valletur
1147 2490 1297 2544 cernere

147 2577 287 2656 laceras
303 2594 429 2668 artus,
456 2592 637 2654 truncata
662 2573 837 2670 membra,
859 2574 1035 2684 postremi
1057 2595 1185 2657 truces
1207 2576 1295 2656 bor-

146 2685 345 2799 rendasque
367 2686 543 2793 imagines
565 2686 729 2793 abjetlas
752 2687 984 2798 excubiasque
998 2687 1180 2796 flammei.
1242 2690 1296 2769 Et

145 2801 300 2895 deinde,
317 2799 494 2906 nonsatis
507 2817 636 2880 amant
653 2799 759 2880 bonas
771 2800 974 2909 principes,
994 2799 1062 2910 qui
1074 2797 1297 2907 malassatis

144 2911 381 2994 nonoderint.
411 2914 523 2991 Tum
535 2912 637 2990 inter
648 2909 795 3020 flagitia
807 2912 1031 2993 Domitiani
1046 2911 1174 3021 ponit,
1186 2910 1295 3021 quod

146 3028 178 3106 is
205 3021 524 3133 Epaphroditum
558 3024 731 3104 Neronis
765 3042 966 3132 utcunque
999 3021 1295 3104 interfectorem

146 3137 410 3218 trucidaverit.
457 3139 525 3216 An
543 3135 680 3217 excidit
697 3134 815 3215 dolori
831 3137 946 3246 nostro
963 3134 1062 3216 modi
1080 3134 1296 3217 vindicatus

145 3252 251 3331 Nera
262 3250 500 3360 permitteret
514 3247 777 3356 credafarnarn
794 3249 914 3328 vitam
939 3278 983 3328 ue
995 3246 1074 3355 ejus
1092 3246 1215 3359 carpi,
1231 3246 1299 3360 qui

143 3380 293 3444 rnortern
313 3359 593 3469 ulciscebatur?
650 3358 771 3439 Plane
787 3362 893 3469 quasr
910 3279 1043 3441 iceleri
1057 3362 1292 3470 proximum

144 3473 218 3553 effe
237 3473 446 3580 judicaret,
466 3500 544 3553 non
566 3470 797 3552 interseciffe
818 3475 1040 3566 Neronem,
1060 3469 1184 3554 scelus
1203 3498 1292 3581 gra·

143 3585 344 3664 villimum
356 3583 552 3664 vindicare
565 3582 830 3663 interfectum.
889 3587 954 3666 Ex
965 3581 1027 3664 his
1038 3582 1293 3665 manifestum

144 3697 215 3790 est,
238 3696 512 3776 Romanorum
539 3696 863 3805 praestantiffimos
891 3694 1066 3805 quosque
1086 3696 1191 3777 viros
1211 3724 1292 3777 non

145 3804 274 3889 solirm
290 3827 471 3915 tyrannos
486 3836 647 3916 quoquo
659 3809 795 3902 modo,
808 3811 961 3916 quoties
973 3825 1169 3917 poterant,
1185 3808 1293 3888 occi-

143 3919 252 4015 diffe,
282 3920 345 4000 sed
373 3919 522 3999 factum
547 3921 660 4013 illud,
681 3939 726 4000 ut
753 3920 884 4001 Graeci
908 3920 1022 4014 olim,
1048 3920 1091 3999 in
1115 3921 1293 4000 maxima

145 4033 259 4113 laude
276 4031 463 4141 posuiffe:
494 4032 644 4112 Vivum
664 4033 773 4113 enim
788 4052 998 4141 tyrannum
1013 4032 1169 4140 quoties
1182 4031 1292 4138 judi·
1320 4134 1324 4141 1

143 4174 231 4227 care
245 4173 324 4224 non
341 4162 520 4253 poterant
533 4144 681 4225 viribus
701 4143 917 4239 inferiores,
934 4163 1139 4225 mortuum
1159 4162 1293 4224 tamen

143 4277 183 4339 et
193 4256 438 4364 judicabant,
458 4275 498 4337 et
517 4256 604 4365 lege
623 4257 783 4338 Valerii
801 4256 1051 4339 damnabant.
1110 4255 1293 4337 Valerius

133 4372 252 4451 enim
272 4368 477 4451 Publicola
492 4369 605 4475 Junii
627 4370 738 4450 Bruti
758 4369 910 4479 collega
927 4396 1023 4452 cum
1042 4368 1195 4450 videret
1214 4380 1308 4475 non·
