2888 5204
472 556 710 657 Defensro
749 565 866 692 Cap.
901 596 978 656 12.
1215 601 1290 681 179

139 736 330 844 oportuit,
352 737 415 818 sed
439 739 649 845 aliquando
670 757 800 817 tamen
822 737 1015 817 viderunt.
1077 736 1174 816 Sane
1197 740 1291 816 Par-

136 845 313 929 lamento
332 877 537 960 nunquam
558 878 636 929 non
662 850 832 929 liberum
852 869 969 958 atque
991 852 1191 956 integrum
1214 849 1289 929 esse

136 956 270 1054 debet,
300 989 417 1042 exre
444 963 533 1042 nati
559 960 680 1073 quim
708 961 861 1071 optime
885 960 1039 1070 reipub.
1065 960 1287 1055 consulere;

136 1096 268 1179 neque
295 1075 350 1153 ita
376 1073 413 1153 se
435 1075 631 1183 prioribus
651 1073 828 1153 addicere
849 1072 1059 1166 sententiis,
1087 1092 1130 1152 ut
1150 1073 1289 1180 religio

137 1181 184 1263 fit
211 1185 254 1262 in
283 1185 498 1294 posterum,
526 1186 677 1266 etiamfi
699 1188 811 1266 Deus
834 1184 999 1278 dederit,
1026 1186 1090 1263 vel
1114 1183 1199 1278 fibi,
1228 1184 1291 1266 vel

132 1294 293 1404 reipub.
311 1296 400 1406 plus
412 1298 557 1407 sapere.
601 1299 658 1377 At
679 1298 783 1378 Scoti
794 1326 862 1377 non
875 1295 1159 1403 idemstntiunt,
1180 1297 1289 1405 quin·

132 1405 203 1487 imo
226 1407 284 1488 ad
287 1409 418 1516 filiurn
439 1412 615 1491 Carolurn
624 1409 847 1516 scribentes,
858 1408 1145 1516 stzcratiffirnum
1168 1438 1289 1516 regern

132 1520 327 1628 appellant
339 1538 534 1631 parentem
553 1523 644 1628 ejus,
664 1539 702 1601 et
706 1521 954 1628 sacerrimum
960 1521 1121 1628 facinus
1137 1550 1205 1629 quo
1224 1551 1288 1600 ne-

132 1649 247 1712 catus
264 1632 327 1739 est.
389 1635 495 1714 Cave
516 1634 629 1743 plura
656 1633 705 1712 de
732 1633 869 1726 Scotis,
890 1661 989 1741 quos
1017 1660 1094 1712 non
1122 1632 1263 1711 novisti
1277 1662 1288 1723 ;

132 1770 206 1823 nos
222 1745 422 1840 novimus,
435 1774 529 1826 eum
545 1745 716 1825 eundem
734 1743 1136 1852 regemsacerrirnum,
1157 1762 1197 1824 et
1214 1741 1288 1824 ho·

132 1855 327 1936 micidam
346 1877 385 1936 et
404 1859 646 1966 proditorem
662 1888 673 1951 ;
705 1855 855 1937 facinus
875 1885 955 1964 quo
973 1876 1155 1963 tyrannus
1172 1883 1286 1936 neca·

132 1984 244 2047 retur
258 1967 546 2075 stacratifflrnum
578 1969 830 2078 appellarent.
895 1969 1018 2047 Nunc
1050 1971 1133 2075 regi
1165 1996 1286 2076 quarn

130 2078 266 2158 dioem
301 2080 669 2190 scripsrmus,quas1
696 2109 837 2189 parum
865 2081 1075 2160 commode
1102 2079 1286 2189 scriptam

130 2190 342 2286 cavillaris,
359 2213 398 2272 et
416 2192 508 2302 quid
522 2192 746 2302 opusfuerit
765 2192 818 2272 ad
835 2191 1004 2299 Elogium
1024 2191 1120 2271 illud
1134 2194 1290 2301 tyranni

129 2301 267 2383 addere
284 2303 489 2414 proditoris
508 2321 545 2383 et
563 2303 750 2384 homicida
768 2305 910 2397 titulos,
931 2305 1069 2410 quaeris
1084 2334 1108 2382 :·
1125 2333 1206 2383 curn
1225 2321 1284 2413 ty-

129 2416 251 2496 ranni
268 2416 466 2526 appellatio
485 2416 602 2496 omnia
625 2416 726 2495 mala
748 2412 1051 2525 comprehendat:
1084 2435 1170 2494 tum
1197 2417 1285 2522 quis

129 2544 321 2635 tyrannus
341 2528 387 2607 fit
405 2526 663 2637 grammatice
678 2547 717 2606 et
731 2526 995 2636 glossematice
1015 2527 1136 2606 etiam
1155 2526 1282 2606 doces.

129 2637 265 2719 Auser
282 2667 406 2747 nugas
426 2639 514 2720 istas
535 2640 723 2733 literator,
739 2669 835 2748 quas
856 2667 933 2718 una
944 2639 1165 2719 Aristotelis
1186 2638 1283 2718 defi-

127 2752 233 2831 nitio
252 2751 375 2832 modb
393 2752 508 2832 allata
527 2752 637 2832 nullo
658 2754 818 2858 negotio
837 2749 1030 2845 difflabit;
1060 2779 1223 2859 quaeque
1245 2771 1283 2830 te

128 2862 337 2943 doctorem
354 2863 513 2945 docebit
535 2890 680 2943 nomen
702 2863 870 2972 tyranni,
887 2864 1075 2970 quoniam
1097 2864 1163 2942 tud
1183 2862 1284 2943 nihil

129 2974 294 3055 interest
319 2994 455 3085 praeter
482 2976 642 3055 nomina
669 2976 904 3083 intelligere,
931 2973 1034 3083 posse
1062 2975 1159 3054 citra
1190 3004 1283 3085 pro-

128 3086 327 3167 ditionem
339 3107 379 3166 et
391 3086 656 3167 homicidium
669 3088 778 3166 stare.
812 3086 1283 3195 AtquilegesAnglieanae

127 3226 200 3279 non
219 3197 350 3278 dicunt
362 3199 581 3307 proditionis
597 3201 733 3279 crimen
752 3227 872 3304 regem
892 3200 1133 3305 incurrerest
1146 3218 1281 3307 procu·
1410 3242 1413 3247 ·

127 3310 284 3391 raverit
289 3308 503 3415 sedationem
515 3329 647 3392 contra
652 3311 699 3416 se
713 3311 780 3390 vel
788 3312 962 3419 populum
968 3307 1097 3415 snum.
1135 3312 1281 3418 Neque

128 3421 286 3515 dicunt,
303 3423 343 3500 in
360 3451 497 3532 quam,
515 3423 810 3503 Parlamentum
827 3421 917 3501 laesae
932 3422 1147 3527 Majestatis
1168 3451 1281 3501 reum

128 3531 222 3626 effe,
244 3534 272 3613 fi
292 3535 444 3614 malurn
465 3562 599 3643 regem
621 3535 745 3626 tollat,
762 3552 829 3614 aut
848 3561 1023 3641 unquam
1044 3532 1169 3625 fuisse,
1187 3562 1281 3613 curn

129 3644 268 3755 saepiue
285 3646 385 3725 olim
401 3645 619 3727 sustulerit:
651 3645 754 3755 posse
770 3664 904 3726 autern
920 3673 1054 3753 regern
1072 3644 1179 3724 suam
1194 3673 1280 3725 rna-

124 3756 309 3863 jestatem
334 3757 471 3837 laedere
495 3777 613 3866 atque
637 3759 831 3851 minuere,
853 3756 935 3836 imb
960 3760 1153 3850 amittere,
1178 3758 1281 3839 clatri

127 3894 229 3949 voce
242 3868 443 3949 testantur.
465 3871 586 3977 Qod
596 3871 704 3949 enirn
715 3870 755 3949 in
764 3870 830 3948 illa
842 3869 1069 3976 legeSandli
1080 3870 1281 3950 Edouardi

128 3978 293 4089 legitur,
304 4010 430 4062 nomen
440 3983 538 4089 regis
546 3979 717 4091 perdere,
731 3979 832 4061 nihil
847 3982 953 4060 aliud
966 3982 1022 4060 est
1033 3979 1154 4088 quim
1170 3983 1280 4090 regio

128 4120 297 4173 munere
307 4121 353 4173 ae
366 4093 557 4201 dignitate
570 4093 715 4203 privari
729 4125 739 4187 3
770 4093 878 4201 quod
893 4094 1035 4173 accidit
1049 4092 1280 4203 Chilperico

129 4204 307 4289 Franciae
326 4207 424 4313 regi,
445 4205 556 4311 cujus
577 4206 810 4314 exemplum
834 4204 1065 4285 illustrandae
1088 4208 1143 4285 rei
1166 4206 1279 4287 causa

124 4316 273 4399 ‚eodem
290 4316 380 4397 loco
399 4316 465 4396 lex
489 4317 569 4426 ipsa
593 4317 719 4427 ponit.
780 4318 995 4397 Committi
1014 4337 1147 4398 autem
1171 4319 1279 4400 sum-

126 4454 241 4509 mam
259 4429 571 4538 perduellionem
591 4429 728 4510 tamin
749 4455 931 4536 regnum,
946 4427 1066 4537 quim
1087 4432 1127 4509 in
1142 4459 1278 4538 regern

127 4566 210 4622 non
237 4541 295 4620 est
316 4541 422 4652 apud
442 4569 512 4622 nos
532 4542 779 4651 jurisperitus
802 4542 871 4650 qui
896 4542 1043 4623 inficias
1067 4544 1122 4621 ire
1149 4544 1278 4652 poffit.

127 4653 311 4735 Provoco
326 4653 375 4733 ad
389 4652 532 4762 ipsum,
546 4681 667 4762 quern
682 4651 831 4763 profers
845 4654 1156 4734 Glanvillanum.
1217 4653 1280 4734 Si-

124 4764 211 4876 quis
224 4764 371 4876 aliquid
364 4765 511 4872 fecerit
524 4766 562 4846 in
576 4783 727 4846 mortem
740 4766 852 4872 regis,
866 4765 933 4846 vel
931 4764 1148 4871 seditionem
1157 4765 1278 4873 regni,
