2888 5204
142 180 219 283 306
419 165 510 255 Pro
537 158 722 292 Populo
749 157 1021 290 Anglicano

143 339 342 419 bidinibus
359 336 599 443 indulgetur,
621 337 785 446 rapitur,
805 335 887 415 alei
906 334 1074 428 luditur,
1085 332 1230 440 juratur
1244 350 1275 411 et

146 451 382 560 perjuratur;
398 450 438 527 in
450 449 512 530 his
528 449 664 528 nostris
676 448 784 557 quod
796 449 910 526 datur
921 447 1030 541 otiis,
1042 444 1277 555 disquirenda

146 564 301 643 veritati
321 561 577 670 impenditur,
599 561 709 640 sacrae
725 562 933 668 Scripturae
951 559 1205 667 invigilatum
1221 582 1278 637 noc

146 674 355 784 quisquam
374 671 578 783 pulchrius
597 673 795 752 existimat
810 671 962 752 hostem
975 669 1114 766 ferire,
1127 666 1279 779 quamse

147 808 264 894 atque
284 787 379 865 alios
400 786 618 865 coelestium
637 785 862 891 cognitione
883 811 1018 863 rerum
1038 783 1208 877 erudire,
1227 799 1281 861 ant

148 899 332 977 bellicam
348 900 473 1004 magis
486 925 607 1006 quam
619 896 888 1004 evangelicam
900 895 1091 976 militiam
1103 920 1280 976 exercere.

150 1012 203 1089 Et
227 1009 313 1089 sane
339 1010 366 1089 fi
389 1013 596 1119 proprium
620 1008 714 1089 belli
738 1008 851 1087 usum
875 1008 1184 1100 consideramus,
1204 1002 1282 1114 quil

148 1122 254 1202 aliud
272 1123 397 1230 magis
410 1121 544 1202 deceat
557 1122 701 1202 milites
714 1122 728 1200 ?
742 1122 813 1229 qui
823 1120 912 1199 ideo
920 1120 1130 1201 constituti
1145 1119 1227 1199 sunt
1234 1135 1281 1198 at·

149 1262 227 1343 que
247 1235 471 1342 conscripti,
492 1253 536 1313 ut
562 1232 681 1312 effent
701 1233 838 1339 legum
860 1229 1098 1326 defensores,
1127 1228 1281 1342 paludati

142 1346 302 1452 justitiae
321 1346 516 1438 satellites,
536 1345 715 1425 Ecclefiae
733 1363 1068 1454 propugnatores:
1090 1344 1190 1453 quid
1207 1341 1281 1433 illis,

149 1485 228 1538 non
245 1458 413 1538 ferocius
429 1477 496 1538 aut
515 1457 788 1551 truculentius,
808 1456 871 1536 [εά
890 1455 1047 1536 civilius
1066 1475 1139 1537 aut
1157 1455 1281 1535 huma·

149 1571 237 1649 nius
256 1570 331 1648 effe
351 1570 556 1678 oporteat?
575 1571 739 1677 quinon
758 1568 910 1648 bellum
923 1567 1047 1648 serere
1066 1596 1115 1649 ac
1135 1589 1279 1657 metere,

149 1680 212 1759 [εά
239 1709 378 1789 pacem
406 1699 445 1760 et
471 1682 787 1761 incolumitatem
812 1678 986 1759 humano
1012 1681 1280 1787 generiam,

148 1820 242 1872 vero
262 1821 306 1873 ac
322 1794 482 1902 proprio
503 1792 580 1873 fine
596 1794 774 1873 laborum
794 1790 952 1871 suorum
970 1791 1134 1873 debent.
1179 1788 1280 1900 Qud

150 1905 276 2012 siquos
288 1905 335 1984 ad
355 1902 436 1985 haec
449 1906 628 2015 praeclara
646 1905 821 1985 instituta
844 1904 1053 2012 aspirantes
1067 1903 1134 1983 vel
1152 1905 1281 1984 alienus
1326 1924 1328 1967 ὲ

149 2046 271 2111 error,
288 2016 350 2097 vel
370 2017 435 2097 sua
448 2018 570 2097 animi
590 2016 796 2097 infirmitas
817 2013 1042 2096 transversos
1061 2016 1234 2109 abducit,
1249 2015 1281 2092 in

150 2158 230 2224 eos,
257 2159 336 2210 non
356 2129 460 2209 ferro
481 2129 729 2223 saeviendum,
750 2127 813 2207 sed
834 2128 1047 2208 rationibus
1068 2156 1115 2208 ac
1139 2124 1281 2208 monitis
1327 2148 1328 2153 ’

152 2241 331 2350 precibus
351 2269 509 2350 quoque
529 2241 576 2320 ad
590 2243 726 2321 Deum
746 2239 836 2321 fufis
855 2239 1102 2334 enitendum,
1115 2240 1224 2346 cujus
1238 2235 1283 2317 el

150 2351 266 2433 solius
276 2381 412 2432 omnes
428 2355 561 2433 animo
573 2381 721 2433 errores
735 2351 953 2460 dispellere,
966 2371 1006 2431 et
1017 2351 1282 2432 coelestemve·

150 2465 272 2544 ritatis
293 2465 439 2559 lucem,
460 2467 524 2544 cui
544 2466 650 2546 volet
670 2465 884 2573 impertire.
922 2463 1098 2544 Haereses
1118 2465 1283 2573 quidem,

151 2576 202 2655 fic
213 2575 302 2655 vere
314 2577 449 2669 distas,
464 2605 532 2656 uos
546 2579 671 2657 nullas
687 2577 963 2685 approbamus,
978 2604 1026 2655 ne
1041 2603 1196 2671 omnes,
1208 2573 1284 2684 qui·

151 2690 240 2767 dem
256 2689 466 2767 toleramus
480 2720 489 2782 ;
506 2690 717 2799 extirpatas
733 2689 851 2768 etiam
866 2688 1065 2781 volumus,
1080 2688 1147 2768 sed
1157 2688 1284 2797 quibus

149 2801 332 2880 convenit
349 2801 491 2893 modis,
507 2803 710 2910 praeceptis
725 2801 916 2879 nimirum
930 2820 971 2880 et
985 2799 1133 2880 saniore
1153 2798 1286 2880 doeri-

152 2941 214 3008 na,
242 2915 346 2992 utin
372 2932 503 2991 mente
528 2914 627 3007 fitas,
656 2940 734 2991 non
759 2912 862 2992 ferro
886 2939 930 2991 ac
955 2909 1086 3019 flagris
1112 2912 1222 3019 quafi
1243 2936 1286 2989 ex

150 3053 314 3134 corpore
331 3024 563 3104 evellendas.
595 3025 751 3118 Altera,
768 3026 912 3131 inquis,
920 3041 999 3133 par
1017 3024 1141 3133 nostra
1160 3023 1289 3130 injuria

148 3140 197 3246 est
216 3140 253 3217 in
269 3137 474 3246 temporali,
492 3134 588 3245 quod
601 3154 752 3228 vocant,
767 3134 1067 3243 ecclrysaefundo.
1128 3137 1291 3215 Percon-

152 3270 232 3330 tare
253 3250 394 3356 Belgas
423 3247 486 3327 vel
515 3249 634 3327 etiam
662 3249 885 3328 Germaniae
914 3248 1121 3355 superioris
1152 3244 1292 3356 protes·

153 3381 289 3454 tames,
312 3361 507 3467 numquid
541 3359 589 3438 ab
615 3360 781 3439 ecclesrae
806 3360 918 3439 bonis
949 3359 1229 3455 abstinuerint;
1256 3358 1291 3436 in

151 3501 249 3579 quos
263 3472 387 3552 Caesar
399 3472 624 3552 Austriacus
641 3473 794 3579 quoties
810 3471 959 3550 bellum
975 3491 1125 3564 movet,
1137 3473 1209 3550 vix
1227 3470 1292 3550 ali-

151 3611 221 3662 um
241 3584 377 3690 quaerit
398 3585 491 3664 belli
513 3585 688 3677 titulum,
709 3611 830 3692 quam
850 3601 894 3661 ut
912 3583 1014 3662 bona
1033 3583 1204 3662 ecclesrae
1223 3580 1291 3662 res·

152 3695 242 3773 titui
257 3695 406 3799 jubeat.
467 3697 618 3775 Verum
640 3696 705 3773 illa
730 3693 907 3804 profesto
926 3722 1003 3774 non
1029 3695 1213 3788 ecclesrae,
1238 3691 1293 3773 [εά

150 3806 495 3885 ecclesiasticorum
516 3808 705 3887 duntaxat
720 3808 821 3885 bona
841 3805 965 3897 fuere,
986 3808 1057 3913 qui
1075 3805 1155 3887 hoc
1171 3805 1293 3886 maxi·

150 3917 216 3998 me
237 3917 341 3996 sensu
358 3917 505 4011 clerici,
520 3919 581 3998 vel
602 3921 723 3998 etiam
742 3916 985 4012 holoclerici,
1002 3937 1047 3998 ut
1066 3919 1138 4028 qui
1158 3919 1293 3999 sortem

149 4050 273 4110 totam
287 4028 512 4122 invasissent,
527 4032 667 4110 rectius
680 4030 874 4108 nominari
887 4049 1082 4137 poterant,
1095 4033 1225 4111 immo
1237 4031 1292 4110 lu·

153 4145 195 4252 pi
213 4139 342 4222 verilis
363 4142 540 4250 plerique
564 4170 718 4235 eorum,
736 4139 856 4249 quim
884 4142 988 4221 aliud
1012 4144 1172 4250 quidvis
1194 4159 1296 4223 erant

149 4255 320 4348 dicendi,
352 4255 538 4363 luporum
563 4274 697 4333 autem
722 4254 837 4347 bona,
859 4253 921 4332 vel
946 4255 1150 4363 congestas
1170 4256 1293 4365 potius

150 4369 294 4475 praedas
311 4366 505 4471 majorum
519 4395 568 4445 ex
582 4365 849 4474 superstitione
865 4385 1007 4474 partas,
1020 4394 1144 4474 quam
1160 4396 1231 4477 per
1243 4384 1295 4444 tot
