<?xml version="1.0" encoding="UTF-8"?>
<!DOCTYPE html PUBLIC "-//W3C//DTD XHTML 1.0 Transitional//EN"
    "http://www.w3.org/TR/xhtml1/DTD/xhtml1-transitional.dtd">
<html xmlns="http://www.w3.org/1999/xhtml" xml:lang="en" lang="en">
 <head>
  <title>
</title>
<meta http-equiv="Content-Type" content="text/html;charset=utf-8" />
  <meta name='ocr-system' content='tesseract 3.04.00' />
  <meta name='ocr-capabilities' content='ocr_page ocr_carea ocr_par ocr_line ocrx_word'/>
</head>
<body>
  <div class='ocr_page' id='page_1' title='image "./worksjohnmilton07miltgoog_0297.png"; bbox 0 0 2888 5204; ppageno 0'>
   <div class='ocr_carea' id='block_1_1' title="bbox 141 129 1006 270">
    <p class='ocr_par' dir='ltr' id='par_1_1' title="bbox 141 129 1006 270">
     <span class='ocr_line' id='line_1_1' title="bbox 141 129 1006 270; baseline 0 -42"><span class='ocrx_word' id='word_1_1' title='bbox 141 147 223 231; x_wconf 88' lang='lat'>280</span> <span class='ocrx_word' id='word_1_2' title='bbox 414 138 506 230; x_wconf 92' lang='lat' dir='ltr'>Pro</span> <span class='ocrx_word' id='word_1_3' title='bbox 525 131 711 270; x_wconf 93' lang='lat' dir='ltr'>Populo</span> <span class='ocrx_word' id='word_1_4' title='bbox 736 129 1006 264; x_wconf 87' lang='lat' dir='ltr'>Anglicano</span> 
     </span>
    </p>
   </div>
   <div class='ocr_carea' id='block_1_2' title="bbox 140 311 1331 4458">
    <p class='ocr_par' dir='ltr' id='par_1_2' title="bbox 140 311 1331 4458">
     <span class='ocr_line' id='line_1_2' title="bbox 140 311 1284 424; baseline -0.003 -29"><span class='ocrx_word' id='word_1_5' title='bbox 140 342 310 423; x_wconf 82' lang='lat' dir='ltr'>magnus,</span> <span class='ocrx_word' id='word_1_6' title='bbox 325 343 510 424; x_wconf 86' lang='lat' dir='ltr'>nunquam</span> <span class='ocrx_word' id='word_1_7' title='bbox 525 315 644 423; x_wconf 84' lang='lat' dir='ltr'>magis</span> <span class='ocrx_word' id='word_1_8' title='bbox 664 313 888 419; x_wconf 84' lang='lat' dir='ltr'>Salmafiur:</span> <span class='ocrx_word' id='word_1_9' title='bbox 918 314 975 392; x_wconf 90' lang='lat' dir='ltr'>Et</span> <span class='ocrx_word' id='word_1_10' title='bbox 994 311 1111 391; x_wconf 86' lang='lat' dir='ltr'>tauth</span> <span class='ocrx_word' id='word_1_11' title='bbox 1128 312 1284 422; x_wconf 88' lang='lat' dir='ltr'>quidem</span> 
     </span>
     <span class='ocr_line' id='line_1_3' title="bbox 143 422 1287 536; baseline -0.003 -29"><span class='ocrx_word' id='word_1_12' title='bbox 143 426 269 533; x_wconf 89' lang='lat' dir='ltr'>major</span> <span class='ocrx_word' id='word_1_13' title='bbox 285 446 329 508; x_wconf 90' lang='lat' dir='ltr'>ut</span> <span class='ocrx_word' id='word_1_14' title='bbox 343 426 381 507; x_wconf 90' lang='lat' dir='ltr'>se</span> <span class='ocrx_word' id='word_1_15' title='bbox 397 427 560 536; x_wconf 88' lang='lat' dir='ltr'>ruperit,</span> <span class='ocrx_word' id='word_1_16' title='bbox 575 423 697 536; x_wconf 79' lang='lat' dir='ltr'>qualm</span> <span class='ocrx_word' id='word_1_17' title='bbox 711 452 877 534; x_wconf 84' lang='lat' dir='ltr'>magnus</span> <span class='ocrx_word' id='word_1_18' title='bbox 890 424 1003 505; x_wconf 87' lang='lat' dir='ltr'>enim</span> <span class='ocrx_word' id='word_1_19' title='bbox 1020 422 1150 505; x_wconf 87' lang='lat' dir='ltr'>fuerit</span> <span class='ocrx_word' id='word_1_20' title='bbox 1166 425 1209 503; x_wconf 89' lang='lat' dir='ltr'>in</span> <span class='ocrx_word' id='word_1_21' title='bbox 1226 425 1287 503; x_wconf 92' lang='lat' dir='ltr'>illo</span> 
     </span>
     <span class='ocr_line' id='line_1_4' title="bbox 143 536 1290 648; baseline -0.003 -30"><span class='ocrx_word' id='word_1_22' title='bbox 143 566 263 648; x_wconf 91' lang='lat' dir='ltr'>opere</span> <span class='ocrx_word' id='word_1_23' title='bbox 276 539 361 646; x_wconf 85' lang='lat' dir='ltr'>jam</span> <span class='ocrx_word' id='word_1_24' title='bbox 376 538 572 635; x_wconf 76' lang='lat' dir='ltr'>vidimus,</span> <span class='ocrx_word' id='word_1_25' title='bbox 593 557 633 618; x_wconf 90' lang='lat' dir='ltr'>et</span> <span class='ocrx_word' id='word_1_26' title='bbox 652 537 778 647; x_wconf 86' lang='lat' dir='ltr'>siquid</span> <span class='ocrx_word' id='word_1_27' title='bbox 797 536 971 643; x_wconf 88' lang='lat' dir='ltr'>ejusdem</span> <span class='ocrx_word' id='word_1_28' title='bbox 990 538 1238 643; x_wconf 87' lang='lat' dir='ltr'>argumenti,</span> <span class='ocrx_word' id='word_1_29' title='bbox 1249 554 1290 616; x_wconf 89' lang='lat' dir='ltr'>ut·</span> 
     </span>
     <span class='ocr_line' id='line_1_5' title="bbox 143 647 1287 761; baseline 0 -32"><span class='ocrx_word' id='word_1_30' title='bbox 143 648 282 745; x_wconf 91' lang='lat' dir='ltr'>fertur,</span> <span class='ocrx_word' id='word_1_31' title='bbox 294 649 554 761; x_wconf 91' lang='lat' dir='ltr'>posthumum</span> <span class='ocrx_word' id='word_1_32' title='bbox 570 651 745 759; x_wconf 89' lang='lat' dir='ltr'>reliquit,</span> <span class='ocrx_word' id='word_1_33' title='bbox 757 647 911 730; x_wconf 77' lang='lat' dir='ltr'>fortasse</span> <span class='ocrx_word' id='word_1_34' title='bbox 922 647 1170 729; x_wconf 86' lang='lat' dir='ltr'>videbimus.</span> <span class='ocrx_word' id='word_1_35' title='bbox 1200 649 1287 733; x_wconf 87' lang='lat' dir='ltr'>Non</span> 
     </span>
     <span class='ocr_line' id='line_1_6' title="bbox 144 761 1289 872; baseline 0 -29"><span class='ocrx_word' id='word_1_36' title='bbox 144 764 331 872; x_wconf 84' lang='lat' dir='ltr'>equidem</span> <span class='ocrx_word' id='word_1_37' title='bbox 357 762 525 858; x_wconf 87' lang='lat' dir='ltr'>inficior,</span> <span class='ocrx_word' id='word_1_38' title='bbox 554 763 660 843; x_wconf 91' lang='lat' dir='ltr'>edito</span> <span class='ocrx_word' id='word_1_39' title='bbox 680 761 750 842; x_wconf 92' lang='lat' dir='ltr'>illo</span> <span class='ocrx_word' id='word_1_40' title='bbox 769 761 886 855; x_wconf 92' lang='lat' dir='ltr'>libro,</span> <span class='ocrx_word' id='word_1_41' title='bbox 907 761 1149 841; x_wconf 86' lang='lat' dir='ltr'>Salmasium</span> <span class='ocrx_word' id='word_1_42' title='bbox 1171 761 1289 843; x_wconf 82' lang='lat' dir='ltr'>inore</span> 
     </span>
     <span class='ocr_line' id='line_1_7' title="bbox 143 868 1331 982; baseline -0.003 -27"><span class='ocrx_word' id='word_1_43' title='bbox 143 876 326 955; x_wconf 90' lang='lat' dir='ltr'>omnium</span> <span class='ocrx_word' id='word_1_44' title='bbox 342 873 470 969; x_wconf 80' lang='lat' dir='ltr'>fuisse,</span> <span class='ocrx_word' id='word_1_45' title='bbox 490 875 607 982; x_wconf 86' lang='lat' dir='ltr'>regiis</span> <span class='ocrx_word' id='word_1_46' title='bbox 624 872 724 954; x_wconf 69' lang='lat' dir='ltr'>mire</span> <span class='ocrx_word' id='word_1_47' title='bbox 749 872 946 982; x_wconf 84' lang='lat' dir='ltr'>placuisse,</span> <span class='ocrx_word' id='word_1_48' title='bbox 971 871 1022 953; x_wconf 86' lang='lat' dir='ltr'>ab</span> <span class='ocrx_word' id='word_1_49' title='bbox 1051 870 1289 982; x_wconf 71' lang='lat' dir='ltr'>augustrffm</span> <span class='ocrx_word' id='word_1_50' title='bbox 1329 868 1331 929; x_wconf 77' lang='lat' dir='ltr'>l</span> 
     </span>
     <span class='ocr_line' id='line_1_8' title="bbox 145 983 1287 1096; baseline -0.002 -29"><span class='ocrx_word' id='word_1_51' title='bbox 145 987 288 1068; x_wconf 84' lang='lat' dir='ltr'>Sueciae</span> <span class='ocrx_word' id='word_1_52' title='bbox 301 988 447 1096; x_wconf 83' lang='lat' dir='ltr'>regina,</span> <span class='ocrx_word' id='word_1_53' title='bbox 459 985 676 1096; x_wconf 82' lang='lat' dir='ltr'>amplifflmis</span> <span class='ocrx_word' id='word_1_54' title='bbox 688 985 856 1095; x_wconf 83' lang='lat' dir='ltr'>praemiis</span> <span class='ocrx_word' id='word_1_55' title='bbox 870 983 1099 1077; x_wconf 67' lang='lat' dir='ltr'>invitatum</span> <span class='ocrx_word' id='word_1_56' title='bbox 1114 986 1287 1095; x_wconf 82' lang='lat' dir='ltr'><strong>quinimo</strong></span> 
     </span>
     <span class='ocr_line' id='line_1_9' title="bbox 145 1094 1286 1191; baseline -0.001 -13"><span class='ocrx_word' id='word_1_57' title='bbox 145 1116 226 1178; x_wconf 91' lang='lat' dir='ltr'>tota</span> <span class='ocrx_word' id='word_1_58' title='bbox 245 1097 313 1178; x_wconf 90' lang='lat' dir='ltr'>illa</span> <span class='ocrx_word' id='word_1_59' title='bbox 331 1101 579 1180; x_wconf 88' lang='lat' dir='ltr'>contentione</span> <span class='ocrx_word' id='word_1_60' title='bbox 593 1097 777 1178; x_wconf 88' lang='lat' dir='ltr'>Salmafio</span> <span class='ocrx_word' id='word_1_61' title='bbox 792 1096 956 1176; x_wconf 90' lang='lat' dir='ltr'>secunda</span> <span class='ocrx_word' id='word_1_62' title='bbox 965 1099 1122 1191; x_wconf 90' lang='lat' dir='ltr'>omnia,</span> <span class='ocrx_word' id='word_1_63' title='bbox 1140 1094 1286 1177; x_wconf 69' lang='lat' dir='ltr'>advers</span> 
     </span>
     <span class='ocr_line' id='line_1_10' title="bbox 145 1204 1287 1321; baseline -0.001 -31"><span class='ocrx_word' id='word_1_64' title='bbox 145 1210 248 1292; x_wconf 91' lang='lat' dir='ltr'>mihi</span> <span class='ocrx_word' id='word_1_65' title='bbox 263 1210 364 1321; x_wconf 72' lang='lat' dir='ltr'>pene</span> <span class='ocrx_word' id='word_1_66' title='bbox 379 1212 513 1291; x_wconf 91' lang='lat' dir='ltr'>omnia</span> <span class='ocrx_word' id='word_1_67' title='bbox 525 1208 649 1290; x_wconf 86' lang='lat' dir='ltr'>fuere.</span> <span class='ocrx_word' id='word_1_68' title='bbox 681 1204 864 1290; x_wconf 81' lang='lat' dir='ltr'>Primhm</span> <span class='ocrx_word' id='word_1_69' title='bbox 873 1209 923 1288; x_wconf 89' lang='lat' dir='ltr'>de</span> <span class='ocrx_word' id='word_1_70' title='bbox 938 1207 1045 1290; x_wconf 90' lang='lat' dir='ltr'>illius</span> <span class='ocrx_word' id='word_1_71' title='bbox 1057 1208 1287 1299; x_wconf 86' lang='lat' dir='ltr'>eruditione,</span> 
     </span>
     <span class='ocr_line' id='line_1_11' title="bbox 146 1320 1286 1432; baseline 0.001 -30"><span class='ocrx_word' id='word_1_72' title='bbox 146 1342 228 1403; x_wconf 91' lang='lat' dir='ltr'>erat</span> <span class='ocrx_word' id='word_1_73' title='bbox 247 1320 459 1404; x_wconf 91' lang='lat' dir='ltr'>hominum</span> <span class='ocrx_word' id='word_1_74' title='bbox 478 1323 629 1402; x_wconf 90' lang='lat' dir='ltr'>summa</span> <span class='ocrx_word' id='word_1_75' title='bbox 649 1323 800 1432; x_wconf 92' lang='lat' dir='ltr'>opinio,</span> <span class='ocrx_word' id='word_1_76' title='bbox 816 1349 939 1431; x_wconf 90' lang='lat' dir='ltr'>quam</span> <span class='ocrx_word' id='word_1_77' title='bbox 956 1320 1099 1402; x_wconf 90' lang='lat' dir='ltr'>multis</span> <span class='ocrx_word' id='word_1_78' title='bbox 1118 1320 1170 1403; x_wconf 88' lang='lat' dir='ltr'>ab</span> <span class='ocrx_word' id='word_1_79' title='bbox 1188 1322 1286 1403; x_wconf 83' lang='lat' dir='ltr'>annis</span> 
     </span>
     <span class='ocr_line' id='line_1_12' title="bbox 141 1431 1287 1543; baseline -0.001 -29"><span class='ocrx_word' id='word_1_80' title='bbox 141 1433 226 1540; x_wconf 89' lang='lat' dir='ltr'>jam</span> <span class='ocrx_word' id='word_1_81' title='bbox 256 1435 325 1516; x_wconf 92' lang='lat' dir='ltr'>diu</span> <span class='ocrx_word' id='word_1_82' title='bbox 352 1436 579 1543; x_wconf 86' lang='lat' dir='ltr'>collegerat,</span> <span class='ocrx_word' id='word_1_83' title='bbox 605 1433 724 1514; x_wconf 86' lang='lat' dir='ltr'>libros</span> <span class='ocrx_word' id='word_1_84' title='bbox 753 1432 1043 1513; x_wconf 85' lang='lat' dir='ltr'>conscribendo</span> <span class='ocrx_word' id='word_1_85' title='bbox 1062 1431 1231 1528; x_wconf 86' lang='lat' dir='ltr'>multos,</span> <span class='ocrx_word' id='word_1_86' title='bbox 1253 1448 1287 1513; x_wconf 83' lang='lat' dir='ltr'>et</span> 
     </span>
     <span class='ocr_line' id='line_1_13' title="bbox 147 1542 1288 1656; baseline -0.001 -30"><span class='ocrx_word' id='word_1_87' title='bbox 147 1546 245 1626; x_wconf 89' lang='lat' dir='ltr'>hene</span> <span class='ocrx_word' id='word_1_88' title='bbox 266 1574 444 1655; x_wconf 86' lang='lat' dir='ltr'>magnos,</span> <span class='ocrx_word' id='word_1_89' title='bbox 461 1573 539 1626; x_wconf 92' lang='lat' dir='ltr'>non</span> <span class='ocrx_word' id='word_1_90' title='bbox 559 1574 625 1627; x_wconf 88' lang='lat' dir='ltr'>eos</span> <span class='ocrx_word' id='word_1_91' title='bbox 643 1546 806 1656; x_wconf 92' lang='lat' dir='ltr'>quidem</span> <span class='ocrx_word' id='word_1_92' title='bbox 825 1545 1063 1655; x_wconf 89' lang='lat' dir='ltr'>plerumque</span> <span class='ocrx_word' id='word_1_93' title='bbox 1083 1545 1218 1639; x_wconf 81' lang='lat' dir='ltr'>utiles,</span> <span class='ocrx_word' id='word_1_94' title='bbox 1233 1542 1288 1625; x_wconf 85' lang='lat' dir='ltr'>sod</span> 
     </span>
     <span class='ocr_line' id='line_1_14' title="bbox 145 1654 1286 1753; baseline 0.002 -16"><span class='ocrx_word' id='word_1_95' title='bbox 145 1658 425 1738; x_wconf 87' lang='lat' dir='ltr'>abstrufiffimis</span> <span class='ocrx_word' id='word_1_96' title='bbox 443 1659 492 1738; x_wconf 92' lang='lat' dir='ltr'>de</span> <span class='ocrx_word' id='word_1_97' title='bbox 509 1658 639 1753; x_wconf 90' lang='lat' dir='ltr'>rebus,</span> <span class='ocrx_word' id='word_1_98' title='bbox 647 1676 688 1739; x_wconf 93' lang='lat' dir='ltr'>et</span> <span class='ocrx_word' id='word_1_99' title='bbox 702 1657 948 1738; x_wconf 88' lang='lat' dir='ltr'>summorum</span> <span class='ocrx_word' id='word_1_100' title='bbox 966 1654 1188 1737; x_wconf 86' lang='lat' dir='ltr'>authorum</span> <span class='ocrx_word' id='word_1_101' title='bbox 1198 1658 1286 1739; x_wconf 79' lang='lat' dir='ltr'>cita·</span> 
     </span>
     <span class='ocr_line' id='line_1_15' title="bbox 148 1767 1287 1880; baseline -0.001 -30"><span class='ocrx_word' id='word_1_102' title='bbox 148 1769 332 1850; x_wconf 90' lang='lat' dir='ltr'>tiunculis</span> <span class='ocrx_word' id='word_1_103' title='bbox 346 1768 540 1866; x_wconf 88' lang='lat' dir='ltr'>differtos;</span> <span class='ocrx_word' id='word_1_104' title='bbox 562 1799 643 1880; x_wconf 92' lang='lat' dir='ltr'>quo</span> <span class='ocrx_word' id='word_1_105' title='bbox 655 1767 755 1850; x_wconf 92' lang='lat' dir='ltr'>nihil</span> <span class='ocrx_word' id='word_1_106' title='bbox 769 1770 883 1850; x_wconf 88' lang='lat' dir='ltr'>citius</span> <span class='ocrx_word' id='word_1_107' title='bbox 895 1768 1287 1879; x_wconf 82' lang='lat' dir='ltr'>literatorumvulgur</span> 
     </span>
     <span class='ocr_line' id='line_1_16' title="bbox 146 1879 1287 1992; baseline 0.003 -32"><span class='ocrx_word' id='word_1_108' title='bbox 146 1882 188 1961; x_wconf 93' lang='lat' dir='ltr'>in</span> <span class='ocrx_word' id='word_1_109' title='bbox 203 1881 504 1963; x_wconf 84' lang='lat' dir='ltr'>admirationem</span> <span class='ocrx_word' id='word_1_110' title='bbox 516 1883 640 1992; x_wconf 89' lang='lat' dir='ltr'>rapit;</span> <span class='ocrx_word' id='word_1_111' title='bbox 662 1909 727 1962; x_wconf 91' lang='lat' dir='ltr'>me</span> <span class='ocrx_word' id='word_1_112' title='bbox 746 1880 839 1962; x_wconf 86' lang='lat' dir='ltr'>verh</span> <span class='ocrx_word' id='word_1_113' title='bbox 856 1881 945 1989; x_wconf 89' lang='lat' dir='ltr'>quis</span> <span class='ocrx_word' id='word_1_114' title='bbox 962 1879 1099 1976; x_wconf 79' lang='lat' dir='ltr'>essem,</span> <span class='ocrx_word' id='word_1_115' title='bbox 1116 1908 1236 1962; x_wconf 88' lang='lat' dir='ltr'>nemo</span> <span class='ocrx_word' id='word_1_116' title='bbox 1251 1882 1287 1963; x_wconf 91' lang='lat' dir='ltr'>in</span> 
     </span>
     <span class='ocr_line' id='line_1_17' title="bbox 145 1991 1288 2104; baseline 0 -31"><span class='ocrx_word' id='word_1_117' title='bbox 145 1994 193 2073; x_wconf 86' lang='lat' dir='ltr'>iis</span> <span class='ocrx_word' id='word_1_118' title='bbox 212 1993 293 2074; x_wconf 89' lang='lat' dir='ltr'>sere</span> <span class='ocrx_word' id='word_1_119' title='bbox 310 1993 535 2103; x_wconf 85' lang='lat' dir='ltr'>regionibus</span> <span class='ocrx_word' id='word_1_120' title='bbox 560 1994 696 2089; x_wconf 81' lang='lat' dir='ltr'>ndrat3</span> <span class='ocrx_word' id='word_1_121' title='bbox 728 2020 916 2101; x_wconf 88' lang='lat' dir='ltr'>magnam</span> <span class='ocrx_word' id='word_1_122' title='bbox 940 1991 1006 2071; x_wconf 88' lang='lat' dir='ltr'>ille</span> <span class='ocrx_word' id='word_1_123' title='bbox 1031 1991 1090 2072; x_wconf 93' lang='lat' dir='ltr'>sui</span> <span class='ocrx_word' id='word_1_124' title='bbox 1110 1996 1288 2104; x_wconf 72' lang='lat' dir='ltr'>exposta·</span> 
     </span>
     <span class='ocr_line' id='line_1_18' title="bbox 149 2101 1290 2214; baseline -0.001 -27"><span class='ocrx_word' id='word_1_125' title='bbox 149 2107 299 2188; x_wconf 91' lang='lat' dir='ltr'>tionem</span> <span class='ocrx_word' id='word_1_126' title='bbox 315 2108 543 2200; x_wconf 68' lang='lat' dir='ltr'>concitarat,</span> <span class='ocrx_word' id='word_1_127' title='bbox 558 2107 742 2187; x_wconf 89' lang='lat' dir='ltr'>attentior</span> <span class='ocrx_word' id='word_1_128' title='bbox 756 2106 866 2214; x_wconf 90' lang='lat' dir='ltr'>operi</span> <span class='ocrx_word' id='word_1_129' title='bbox 885 2101 1007 2213; x_wconf 70' lang='lat' dir='ltr'>quim</span> <span class='ocrx_word' id='word_1_130' title='bbox 1025 2103 1176 2187; x_wconf 82' lang='lat' dir='ltr'>solebat</span> <span class='ocrx_word' id='word_1_131' title='bbox 1188 2102 1290 2197; x_wconf 69' lang='lat' dir='ltr'>alili.-</span> 
     </span>
     <span class='ocr_line' id='line_1_19' title="bbox 148 2217 1287 2327; baseline 0.001 -29"><span class='ocrx_word' id='word_1_132' title='bbox 148 2236 193 2298; x_wconf 93' lang='lat' dir='ltr'>ut</span> <span class='ocrx_word' id='word_1_133' title='bbox 211 2219 250 2298; x_wconf 91' lang='lat' dir='ltr'>in</span> <span class='ocrx_word' id='word_1_134' title='bbox 267 2246 307 2298; x_wconf 94' lang='lat' dir='ltr'>re</span> <span class='ocrx_word' id='word_1_135' title='bbox 328 2238 456 2313; x_wconf 80' lang='lat' dir='ltr'>tanta3</span> <span class='ocrx_word' id='word_1_136' title='bbox 478 2244 553 2325; x_wconf 84' lang='lat' dir='ltr'>ego</span> <span class='ocrx_word' id='word_1_137' title='bbox 569 2220 651 2298; x_wconf 90' lang='lat' dir='ltr'>mei</span> <span class='ocrx_word' id='word_1_138' title='bbox 669 2217 820 2298; x_wconf 90' lang='lat' dir='ltr'>nullam</span> <span class='ocrx_word' id='word_1_139' title='bbox 832 2218 945 2327; x_wconf 90' lang='lat' dir='ltr'>potui</span> <span class='ocrx_word' id='word_1_140' title='bbox 961 2243 1149 2298; x_wconf 86' lang='lat' dir='ltr'>movere:</span> <span class='ocrx_word' id='word_1_141' title='bbox 1169 2218 1287 2299; x_wconf 89' lang='lat' dir='ltr'>immo</span> 
     </span>
     <span class='ocr_line' id='line_1_20' title="bbox 147 2327 1289 2436; baseline 0 -27"><span class='ocrx_word' id='word_1_142' title='bbox 147 2357 240 2411; x_wconf 88' lang='lat' dir='ltr'>vero</span> <span class='ocrx_word' id='word_1_143' title='bbox 264 2331 382 2410; x_wconf 91' lang='lat' dir='ltr'>multi</span> <span class='ocrx_word' id='word_1_144' title='bbox 403 2359 468 2410; x_wconf 89' lang='lat' dir='ltr'>me</span> <span class='ocrx_word' id='word_1_145' title='bbox 491 2329 628 2410; x_wconf 91' lang='lat' dir='ltr'>abillo</span> <span class='ocrx_word' id='word_1_146' title='bbox 650 2327 970 2423; x_wconf 86' lang='lat' dir='ltr'>dehortabantur,</span> <span class='ocrx_word' id='word_1_147' title='bbox 995 2347 1179 2436; x_wconf 87' lang='lat' dir='ltr'>tyronem</span> <span class='ocrx_word' id='word_1_148' title='bbox 1201 2355 1289 2410; x_wconf 86' lang='lat' dir='ltr'>curn</span> 
     </span>
     <span class='ocr_line' id='line_1_21' title="bbox 146 2441 1286 2551; baseline 0 -29"><span class='ocrx_word' id='word_1_149' title='bbox 146 2460 331 2522; x_wconf 88' lang='lat' dir='ltr'>veterano</span> <span class='ocrx_word' id='word_1_150' title='bbox 346 2441 656 2551; x_wconf 82' lang='lat' dir='ltr'>congressurum,</span> <span class='ocrx_word' id='word_1_151' title='bbox 672 2443 818 2551; x_wconf 87' lang='lat' dir='ltr'>partim</span> <span class='ocrx_word' id='word_1_152' title='bbox 833 2441 1066 2535; x_wconf 88' lang='lat' dir='ltr'>invidentes,</span> <span class='ocrx_word' id='word_1_153' title='bbox 1080 2468 1133 2521; x_wconf 88' lang='lat' dir='ltr'>ne</span> <span class='ocrx_word' id='word_1_154' title='bbox 1153 2462 1286 2522; x_wconf 90' lang='lat' dir='ltr'>utcun-</span> 
     </span>
     <span class='ocr_line' id='line_1_22' title="bbox 147 2550 1286 2663; baseline 0.002 -32"><span class='ocrx_word' id='word_1_155' title='bbox 147 2580 225 2660; x_wconf 90' lang='lat' dir='ltr'>que</span> <span class='ocrx_word' id='word_1_156' title='bbox 238 2550 340 2632; x_wconf 91' lang='lat' dir='ltr'>mihi</span> <span class='ocrx_word' id='word_1_157' title='bbox 355 2554 489 2661; x_wconf 87' lang='lat' dir='ltr'>gloriae</span> <span class='ocrx_word' id='word_1_158' title='bbox 503 2552 604 2634; x_wconf 89' lang='lat' dir='ltr'>soret</span> <span class='ocrx_word' id='word_1_159' title='bbox 615 2582 709 2635; x_wconf 94' lang='lat' dir='ltr'>cum</span> <span class='ocrx_word' id='word_1_160' title='bbox 722 2573 830 2634; x_wconf 91' lang='lat' dir='ltr'>tanto</span> <span class='ocrx_word' id='word_1_161' title='bbox 843 2551 953 2633; x_wconf 90' lang='lat' dir='ltr'>hoste</span> <span class='ocrx_word' id='word_1_162' title='bbox 968 2553 1191 2648; x_wconf 67' lang='lat' dir='ltr'>decerthsse,</span> <span class='ocrx_word' id='word_1_163' title='bbox 1204 2581 1286 2663; x_wconf 85' lang='lat' dir='ltr'>par·</span> 
     </span>
     <span class='ocr_line' id='line_1_23' title="bbox 147 2663 1331 2774; baseline -0.002 -29"><span class='ocrx_word' id='word_1_164' title='bbox 147 2665 220 2745; x_wconf 92' lang='lat' dir='ltr'>tim</span> <span class='ocrx_word' id='word_1_165' title='bbox 242 2663 417 2758; x_wconf 91' lang='lat' dir='ltr'>etmihi,</span> <span class='ocrx_word' id='word_1_166' title='bbox 444 2687 484 2745; x_wconf 90' lang='lat' dir='ltr'>et</span> <span class='ocrx_word' id='word_1_167' title='bbox 507 2667 626 2746; x_wconf 87' lang='lat' dir='ltr'>causae</span> <span class='ocrx_word' id='word_1_168' title='bbox 644 2684 878 2760; x_wconf 86' lang='lat' dir='ltr'>metuentes,</span> <span class='ocrx_word' id='word_1_169' title='bbox 898 2663 1167 2774; x_wconf 88' lang='lat' dir='ltr'>neutriusque</span> <span class='ocrx_word' id='word_1_170' title='bbox 1185 2664 1284 2774; x_wconf 86' lang='lat' dir='ltr'>gravi</span> <span class='ocrx_word' id='word_1_171' title='bbox 1329 2746 1331 2755; x_wconf 75' lang='grc'>,</span> 
     </span>
     <span class='ocr_line' id='line_1_24' title="bbox 145 2775 1284 2885; baseline 0.001 -30"><span class='ocrx_word' id='word_1_172' title='bbox 145 2803 239 2856; x_wconf 90' lang='lat' dir='ltr'>cum</span> <span class='ocrx_word' id='word_1_173' title='bbox 256 2776 474 2884; x_wconf 84' lang='lat' dir='ltr'>ignominia</span> <span class='ocrx_word' id='word_1_174' title='bbox 493 2778 617 2859; x_wconf 65' lang='lat' dir='ltr'>victus</span> <span class='ocrx_word' id='word_1_175' title='bbox 629 2778 881 2872; x_wconf 89' lang='lat' dir='ltr'>discederem,</span> <span class='ocrx_word' id='word_1_176' title='bbox 894 2776 1005 2858; x_wconf 90' lang='lat' dir='ltr'>causa</span> <span class='ocrx_word' id='word_1_177' title='bbox 1017 2775 1190 2885; x_wconf 90' lang='lat' dir='ltr'>denique</span> <span class='ocrx_word' id='word_1_178' title='bbox 1207 2777 1284 2885; x_wconf 89' lang='lat' dir='ltr'>spe·</span> 
     </span>
     <span class='ocr_line' id='line_1_25' title="bbox 148 2887 1285 2999; baseline -0.002 -31"><span class='ocrx_word' id='word_1_179' title='bbox 148 2887 250 2969; x_wconf 90' lang='lat' dir='ltr'>ciosa</span> <span class='ocrx_word' id='word_1_180' title='bbox 278 2908 396 2998; x_wconf 91' lang='lat' dir='ltr'>atque</span> <span class='ocrx_word' id='word_1_181' title='bbox 418 2888 646 2998; x_wconf 87' lang='lat' dir='ltr'>plausrhilis,</span> <span class='ocrx_word' id='word_1_182' title='bbox 671 2892 884 2970; x_wconf 89' lang='lat' dir='ltr'>inveterata</span> <span class='ocrx_word' id='word_1_183' title='bbox 907 2889 1017 2997; x_wconf 86' lang='lat' dir='ltr'>vulgi</span> <span class='ocrx_word' id='word_1_184' title='bbox 1036 2889 1191 2999; x_wconf 92' lang='lat' dir='ltr'>opinio,</span> <span class='ocrx_word' id='word_1_185' title='bbox 1218 2889 1285 2969; x_wconf 84' lang='lat' dir='ltr'>sive</span> 
     </span>
     <span class='ocr_line' id='line_1_26' title="bbox 148 3000 1286 3113; baseline 0.001 -33"><span class='ocrx_word' id='word_1_186' title='bbox 148 3000 367 3113; x_wconf 90' lang='lat' dir='ltr'>superstitio</span> <span class='ocrx_word' id='word_1_187' title='bbox 382 3001 547 3093; x_wconf 87' lang='lat' dir='ltr'>dicenda</span> <span class='ocrx_word' id='word_1_188' title='bbox 567 3004 698 3110; x_wconf 91' lang='lat' dir='ltr'>potius</span> <span class='ocrx_word' id='word_1_189' title='bbox 711 3002 781 3097; x_wconf 92' lang='lat' dir='ltr'>est,</span> <span class='ocrx_word' id='word_1_190' title='bbox 796 3022 835 3083; x_wconf 91' lang='lat' dir='ltr'>et</span> <span class='ocrx_word' id='word_1_191' title='bbox 850 3001 1061 3111; x_wconf 87' lang='lat' dir='ltr'>propensus</span> <span class='ocrx_word' id='word_1_192' title='bbox 1077 3003 1119 3081; x_wconf 90' lang='lat' dir='ltr'>in</span> <span class='ocrx_word' id='word_1_193' title='bbox 1137 3003 1286 3111; x_wconf 87' lang='lat' dir='ltr'>regium</span> 
     </span>
     <span class='ocr_line' id='line_1_27' title="bbox 147 3112 1285 3225; baseline -0.001 -31"><span class='ocrx_word' id='word_1_194' title='bbox 147 3141 293 3194; x_wconf 88' lang='lat' dir='ltr'>nomen</span> <span class='ocrx_word' id='word_1_195' title='bbox 313 3112 423 3195; x_wconf 90' lang='lat' dir='ltr'>favor</span> <span class='ocrx_word' id='word_1_196' title='bbox 439 3113 622 3194; x_wconf 85' lang='lat' dir='ltr'>Salmasro</span> <span class='ocrx_word' id='word_1_197' title='bbox 642 3116 742 3194; x_wconf 89' lang='lat' dir='ltr'>vires</span> <span class='ocrx_word' id='word_1_198' title='bbox 762 3134 802 3195; x_wconf 91' lang='lat' dir='ltr'>et</span> <span class='ocrx_word' id='word_1_199' title='bbox 820 3114 976 3225; x_wconf 88' lang='lat' dir='ltr'>spiritus</span> <span class='ocrx_word' id='word_1_200' title='bbox 994 3113 1211 3207; x_wconf 87' lang='lat' dir='ltr'>addiderat,</span> <span class='ocrx_word' id='word_1_201' title='bbox 1229 3140 1285 3193; x_wconf 85' lang='lat' dir='ltr'>ea·</span> 
     </span>
     <span class='ocr_line' id='line_1_28' title="bbox 147 3224 1287 3335; baseline 0.002 -30"><span class='ocrx_word' id='word_1_202' title='bbox 147 3225 241 3307; x_wconf 92' lang='lat' dir='ltr'>dem</span> <span class='ocrx_word' id='word_1_203' title='bbox 255 3226 389 3307; x_wconf 90' lang='lat' dir='ltr'>omnia</span> <span class='ocrx_word' id='word_1_204' title='bbox 408 3245 543 3306; x_wconf 89' lang='lat' dir='ltr'>contra</span> <span class='ocrx_word' id='word_1_205' title='bbox 563 3254 627 3306; x_wconf 91' lang='lat' dir='ltr'>me</span> <span class='ocrx_word' id='word_1_206' title='bbox 646 3224 798 3307; x_wconf 59' lang='lat' dir='ltr'>fecsre:</span> <span class='ocrx_word' id='word_1_207' title='bbox 828 3254 909 3335; x_wconf 93' lang='lat' dir='ltr'>quo</span> <span class='ocrx_word' id='word_1_208' title='bbox 928 3229 1053 3334; x_wconf 86' lang='lat' dir='ltr'>magis</span> <span class='ocrx_word' id='word_1_209' title='bbox 1072 3226 1129 3307; x_wconf 84' lang='lat' dir='ltr'>est</span> <span class='ocrx_word' id='word_1_210' title='bbox 1148 3227 1287 3307; x_wconf 87' lang='lat' dir='ltr'>miran-</span> 
     </span>
     <span class='ocr_line' id='line_1_29' title="bbox 146 3332 1287 3449; baseline -0.005 -29"><span class='ocrx_word' id='word_1_211' title='bbox 146 3339 260 3432; x_wconf 91' lang='lat' dir='ltr'>dum,</span> <span class='ocrx_word' id='word_1_212' title='bbox 277 3339 575 3449; x_wconf 90' lang='lat' dir='ltr'>quamprimum</span> <span class='ocrx_word' id='word_1_213' title='bbox 592 3337 784 3448; x_wconf 75' lang='lat' dir='ltr'>responsio</span> <span class='ocrx_word' id='word_1_214' title='bbox 800 3338 928 3419; x_wconf 88' lang='lat' dir='ltr'>nostra</span> <span class='ocrx_word' id='word_1_215' title='bbox 947 3337 1108 3446; x_wconf 94' lang='lat' dir='ltr'>prodiit,</span> <span class='ocrx_word' id='word_1_216' title='bbox 1131 3366 1212 3419; x_wconf 91' lang='lat' dir='ltr'>non</span> <span class='ocrx_word' id='word_1_217' title='bbox 1230 3332 1287 3419; x_wconf 78' lang='lat' dir='ltr'>fil</span> 
     </span>
     <span class='ocr_line' id='line_1_30' title="bbox 146 3448 1288 3559; baseline -0.002 -28"><span class='ocrx_word' id='word_1_218' title='bbox 146 3451 339 3559; x_wconf 90' lang='lat' dir='ltr'>plerisque</span> <span class='ocrx_word' id='word_1_219' title='bbox 355 3448 467 3531; x_wconf 71' lang='lat' dir='ltr'>avide</span> <span class='ocrx_word' id='word_1_220' title='bbox 483 3451 730 3559; x_wconf 89' lang='lat' dir='ltr'>arriperetur,</span> <span class='ocrx_word' id='word_1_221' title='bbox 746 3451 877 3529; x_wconf 90' lang='lat' dir='ltr'>videre</span> <span class='ocrx_word' id='word_1_222' title='bbox 893 3448 1151 3558; x_wconf 84' lang='lat' dir='ltr'>gestientibus</span> <span class='ocrx_word' id='word_1_223' title='bbox 1164 3449 1288 3559; x_wconf 87' lang='lat' dir='ltr'>ecquis</span> 
     </span>
     <span class='ocr_line' id='line_1_31' title="bbox 149 3560 1289 3672; baseline 0.001 -32"><span class='ocrx_word' id='word_1_224' title='bbox 149 3582 231 3642; x_wconf 93' lang='lat' dir='ltr'>tam</span> <span class='ocrx_word' id='word_1_225' title='bbox 242 3590 412 3672; x_wconf 84' lang='lat' dir='ltr'>praeceps</span> <span class='ocrx_word' id='word_1_226' title='bbox 424 3562 547 3642; x_wconf 89' lang='lat' dir='ltr'>animi</span> <span class='ocrx_word' id='word_1_227' title='bbox 560 3562 651 3641; x_wconf 86' lang='lat' dir='ltr'>esset</span> <span class='ocrx_word' id='word_1_228' title='bbox 664 3581 707 3643; x_wconf 93' lang='lat' dir='ltr'>ut</span> <span class='ocrx_word' id='word_1_229' title='bbox 720 3562 880 3641; x_wconf 90' lang='lat' dir='ltr'>auderet</span> <span class='ocrx_word' id='word_1_230' title='bbox 890 3586 985 3641; x_wconf 92' lang='lat' dir='ltr'>cum</span> <span class='ocrx_word' id='word_1_231' title='bbox 1001 3560 1190 3645; x_wconf 86' lang='lat' dir='ltr'>Salmafio</span> <span class='ocrx_word' id='word_1_232' title='bbox 1203 3589 1289 3644; x_wconf 92' lang='lat' dir='ltr'>con·</span> 
     </span>
     <span class='ocr_line' id='line_1_32' title="bbox 147 3671 1289 3784; baseline 0 -31"><span class='ocrx_word' id='word_1_233' title='bbox 147 3672 297 3781; x_wconf 85' lang='lat' dir='ltr'>fligere,</span> <span class='ocrx_word' id='word_1_234' title='bbox 314 3674 378 3754; x_wconf 90' lang='lat' dir='ltr'>sed</span> <span class='ocrx_word' id='word_1_235' title='bbox 392 3694 473 3755; x_wconf 89' lang='lat' dir='ltr'>tam</span> <span class='ocrx_word' id='word_1_236' title='bbox 484 3674 559 3755; x_wconf 82' lang='lat' dir='ltr'>esse</span> <span class='ocrx_word' id='word_1_237' title='bbox 574 3674 759 3784; x_wconf 87' lang='lat' dir='ltr'>placitam</span> <span class='ocrx_word' id='word_1_238' title='bbox 772 3671 908 3753; x_wconf 92' lang='lat' dir='ltr'>multis</span> <span class='ocrx_word' id='word_1_239' title='bbox 923 3692 1040 3782; x_wconf 86' lang='lat' dir='ltr'>atque</span> <span class='ocrx_word' id='word_1_240' title='bbox 1055 3692 1226 3778; x_wconf 88' lang='lat' dir='ltr'>gratam,</span> <span class='ocrx_word' id='word_1_241' title='bbox 1238 3691 1289 3764; x_wconf 89' lang='lat' dir='ltr'>ut,</span> 
     </span>
     <span class='ocr_line' id='line_1_33' title="bbox 149 3781 1291 3896; baseline 0.001 -31"><span class='ocrx_word' id='word_1_242' title='bbox 149 3814 228 3866; x_wconf 93' lang='lat' dir='ltr'>non</span> <span class='ocrx_word' id='word_1_243' title='bbox 248 3785 437 3882; x_wconf 87' lang='lat' dir='ltr'>authoris,</span> <span class='ocrx_word' id='word_1_244' title='bbox 462 3786 525 3867; x_wconf 92' lang='lat' dir='ltr'>sed</span> <span class='ocrx_word' id='word_1_245' title='bbox 551 3786 667 3895; x_wconf 87' lang='lat' dir='ltr'>ips1us</span> <span class='ocrx_word' id='word_1_246' title='bbox 686 3786 858 3865; x_wconf 88' lang='lat' dir='ltr'>veritatis</span> <span class='ocrx_word' id='word_1_247' title='bbox 883 3787 1032 3865; x_wconf 91' lang='lat' dir='ltr'>ratione</span> <span class='ocrx_word' id='word_1_248' title='bbox 1056 3781 1208 3882; x_wconf 92' lang='lat' dir='ltr'>hahita,</span> <span class='ocrx_word' id='word_1_249' title='bbox 1228 3784 1291 3896; x_wconf 90' lang='lat' dir='ltr'>qui</span> 
     </span>
     <span class='ocr_line' id='line_1_34' title="bbox 147 3895 1293 4009; baseline 0.001 -31"><span class='ocrx_word' id='word_1_250' title='bbox 147 3897 269 3978; x_wconf 76' lang='lat' dir='ltr'>modo</span> <span class='ocrx_word' id='word_1_251' title='bbox 285 3898 439 3979; x_wconf 93' lang='lat' dir='ltr'>summo</span> <span class='ocrx_word' id='word_1_252' title='bbox 458 3901 499 3978; x_wconf 92' lang='lat' dir='ltr'>in</span> <span class='ocrx_word' id='word_1_253' title='bbox 519 3897 667 3978; x_wconf 90' lang='lat' dir='ltr'>honore</span> <span class='ocrx_word' id='word_1_254' title='bbox 687 3895 814 3978; x_wconf 88' lang='lat' dir='ltr'>suerat</span> <span class='ocrx_word' id='word_1_255' title='bbox 828 3898 1048 3990; x_wconf 74' lang='lat' dir='ltr'>Salmasius,</span> <span class='ocrx_word' id='word_1_256' title='bbox 1069 3925 1178 3978; x_wconf 91' lang='lat' dir='ltr'>nunc</span> <span class='ocrx_word' id='word_1_257' title='bbox 1194 3896 1293 4009; x_wconf 84' lang='lat' dir='ltr'>quafi</span> 
     </span>
     <span class='ocr_line' id='line_1_35' title="bbox 147 4008 1290 4121; baseline -0.002 -30"><span class='ocrx_word' id='word_1_258' title='bbox 147 4013 333 4105; x_wconf 58' lang='lat' dir='ltr'>detracta,</span> <span class='ocrx_word' id='word_1_259' title='bbox 353 4010 421 4090; x_wconf 92' lang='lat' dir='ltr'>sub</span> <span class='ocrx_word' id='word_1_260' title='bbox 441 4039 518 4120; x_wconf 90' lang='lat' dir='ltr'>qua</span> <span class='ocrx_word' id='word_1_261' title='bbox 538 4010 716 4105; x_wconf 90' lang='lat' dir='ltr'>latuerat,</span> <span class='ocrx_word' id='word_1_262' title='bbox 737 4009 912 4121; x_wconf 90' lang='lat' dir='ltr'>persona,</span> <span class='ocrx_word' id='word_1_263' title='bbox 933 4028 973 4090; x_wconf 91' lang='lat' dir='ltr'>et</span> <span class='ocrx_word' id='word_1_264' title='bbox 991 4008 1290 4101; x_wconf 87' lang='lat' dir='ltr'>existimatione,</span> 
     </span>
     <span class='ocr_line' id='line_1_36' title="bbox 147 4121 1292 4234; baseline -0.002 -28"><span class='ocrx_word' id='word_1_265' title='bbox 147 4144 188 4206; x_wconf 89' lang='lat' dir='ltr'>et</span> <span class='ocrx_word' id='word_1_266' title='bbox 204 4125 338 4204; x_wconf 89' lang='lat' dir='ltr'>animo</span> <span class='ocrx_word' id='word_1_267' title='bbox 354 4143 513 4234; x_wconf 90' lang='lat' dir='ltr'>repente</span> <span class='ocrx_word' id='word_1_268' title='bbox 532 4123 701 4216; x_wconf 89' lang='lat' dir='ltr'>caderet,</span> <span class='ocrx_word' id='word_1_269' title='bbox 718 4123 832 4232; x_wconf 91' lang='lat' dir='ltr'>seque</span> <span class='ocrx_word' id='word_1_270' title='bbox 849 4121 1023 4217; x_wconf 85' lang='lat' dir='ltr'>asserere,</span> <span class='ocrx_word' id='word_1_271' title='bbox 1037 4124 1192 4203; x_wconf 81' lang='lat' dir='ltr'>tametsl</span> <span class='ocrx_word' id='word_1_272' title='bbox 1209 4149 1292 4204; x_wconf 89' lang='lat' dir='ltr'>om·</span> 
     </span>
     <span class='ocr_line' id='line_1_37' title="bbox 148 4233 1291 4344; baseline -0.003 -28"><span class='ocrx_word' id='word_1_273' title='bbox 148 4236 264 4318; x_wconf 87' lang='lat' dir='ltr'>nibus</span> <span class='ocrx_word' id='word_1_274' title='bbox 280 4240 407 4317; x_wconf 88' lang='lat' dir='ltr'>nervis</span> <span class='ocrx_word' id='word_1_275' title='bbox 422 4238 461 4315; x_wconf 93' lang='lat' dir='ltr'>id</span> <span class='ocrx_word' id='word_1_276' title='bbox 474 4263 607 4344; x_wconf 87' lang='lat' dir='ltr'>agens,</span> <span class='ocrx_word' id='word_1_277' title='bbox 621 4234 749 4344; x_wconf 88' lang='lat' dir='ltr'>quoad</span> <span class='ocrx_word' id='word_1_278' title='bbox 764 4235 864 4314; x_wconf 85' lang='lat' dir='ltr'>vixit</span> <span class='ocrx_word' id='word_1_279' title='bbox 875 4233 1006 4343; x_wconf 90' lang='lat' dir='ltr'>postea</span> <span class='ocrx_word' id='word_1_280' title='bbox 1020 4260 1100 4314; x_wconf 91' lang='lat' dir='ltr'>non</span> <span class='ocrx_word' id='word_1_281' title='bbox 1115 4235 1291 4316; x_wconf 89' lang='lat' dir='ltr'>valuerit.</span> 
     </span>
     <span class='ocr_line' id='line_1_38' title="bbox 146 4345 1293 4458; baseline -0.002 -29"><span class='ocrx_word' id='word_1_282' title='bbox 146 4351 208 4429; x_wconf 91' lang='lat' dir='ltr'>Te</span> <span class='ocrx_word' id='word_1_283' title='bbox 221 4348 329 4444; x_wconf 83' lang='lat' dir='ltr'>verh,</span> <span class='ocrx_word' id='word_1_284' title='bbox 342 4347 573 4430; x_wconf 76' lang='lat' dir='ltr'>serenissima</span> <span class='ocrx_word' id='word_1_285' title='bbox 589 4351 806 4429; x_wconf 84' lang='lat' dir='ltr'>Succorum</span> <span class='ocrx_word' id='word_1_286' title='bbox 823 4348 971 4455; x_wconf 86' lang='lat' dir='ltr'>regina,</span> <span class='ocrx_word' id='word_1_287' title='bbox 988 4365 1188 4458; x_wconf 88' lang='lat' dir='ltr'>tuumque</span> <span class='ocrx_word' id='word_1_288' title='bbox 1200 4345 1293 4430; x_wconf 87' lang='lat' dir='ltr'>illud</span> 
     </span>
    </p>
   </div>
   <div class='ocr_carea' id='block_1_3' title="bbox 0 0 1451 5204">
    <p class='ocr_par' dir='ltr' id='par_1_3' title="bbox 0 0 1451 5204">
     <span class='ocr_line' id='line_1_39' title="bbox 0 0 1451 5204; baseline 0 0"><span class='ocrx_word' id='word_1_289' title='bbox 0 0 1451 5204; x_wconf 95' lang='lat' dir='ltr'> </span> 
     </span>
    </p>
   </div>
  </div>
 </body>
</html>
