2888 5204
418 544 657 649 DefenfiO.
697 551 816 680 Cap.
847 553 892 644 8.
1059 618 1062 620 -
1154 591 1225 668 141

108 743 229 808 tntum
256 727 380 834 regni,
402 726 470 837 qui
492 741 614 806 autem
640 723 718 805 alia
739 751 856 830 regna
885 723 924 804 in
949 722 1233 832 Chrssinnitatc

108 835 262 932 unirent,
275 838 392 949 plenus
409 855 447 917 et
465 835 586 917 libens
596 836 774 945 potestate
784 836 964 943 polleant.
1024 838 1089 915 De
1102 839 1233 918 Scotia

108 950 244 1031 emitto
260 969 300 1029 te
316 950 366 1030 ad
381 947 683 1040 Buchananum‚
703 946 752 1026 de
772 946 905 1027 Gallia
921 948 1043 1027 etiam
1063 966 1143 1043 tua,
1165 951 1233 1030 ubi

108 1059 224 1171 ospes
241 1061 317 1142 esse
330 1060 490 1154 videris,
510 1059 560 1140 ad
580 1060 614 1139 F
616 1058 895 1166 rancogalliam
913 1061 1178 1155 Hotomanni,
1194 1081 1235 1143 et
1297 1155 1302 1164 ,

108 1174 301 1255 litardum
321 1172 495 1253 Franciae
513 1170 777 1264 Historicum,
800 1169 848 1250 de
874 1171 1019 1250 caeteris
1045 1170 1094 1250 ad
1121 1173 1232 1268 alios,

108 1312 256 1367 uorum
282 1283 383 1364 nulli
410 1284 518 1392 quod
544 1282 663 1362 sciam
684 1282 994 1391 Independentes
1020 1303 1151 1364 erant:
1183 1315 1234 1366 ex

108 1395 228 1477 nibus
239 1395 383 1502 dejure
395 1395 506 1503 regio
518 1392 635 1501 longi
648 1393 723 1473 alia
735 1412 888 1502 poteras
903 1393 1098 1487 dedicisse,
1112 1393 1233 1503 quim

108 1534 168 1589 uae
181 1507 315 1587 doces.
375 1508 484 1586 Cum
495 1505 584 1611 jure
600 1505 696 1584 belli
711 1505 959 1613 tyrannidem
977 1504 1134 1612 regibus
1146 1510 1234 1588 An-

108 1618 173 1701 lite²
190 1617 354 1699 offerere
373 1617 610 1726 nequiveris,
630 1615 726 1697 facis
744 1615 828 1721 jam
848 1616 1071 1725 periculum
1091 1618 1131 1696 in
1143 1618 1233 1724 jure

108 1729 304 1813 mlitico.
335 1730 510 1808 Edieunt
523 1756 634 1836 reges
647 1727 683 1806 se
696 1754 856 1834 regnare
868 1727 951 1808 Dei
953 1727 1115 1834 gratid:
1137 1732 1234 1838 quid

108 1842 244 1925 :Deos
263 1840 301 1922 se
321 1840 395 1921 esse
421 1839 651 1920 edixissent:
669 1858 721 1924 ¹te
745 1839 864 1917 credo
891 1839 1093 1919 flaminem
1119 1838 1233 1923 facile

108 1973 198 2035 rant
214 1950 414 2045 habituri3
447 1952 497 2031 fic
510 1950 698 2031 Pontifex
711 1951 998 2031 Cantuariensrs
1010 1951 1093 2031 Dei
1101 1955 1235 2061 provi-

108 2062 211 2147 'cntia
221 2061 548 2173 archiepiscopari
561 2090 640 2173 prae
652 2062 688 2142 se
701 2063 804 2143 tulit.
841 2063 960 2142 Tune
975 2063 1043 2143 ista
1057 2062 1235 2149 fatuitate

108 2170 240 2288 'apum
257 2203 338 2256 non
352 2175 501 2256 viselle
521 2202 658 2282 regem
671 2175 713 2253 in
730 2173 916 2268 Ecclesia,
931 2192 976 2255 ut
988 2203 1124 2284 regem
1137 2206 1236 2259 con-

108 2289 247 2369 tituere
273 2285 481 2397 plusquam
508 2287 659 2397 Papam
682 2285 724 2364 in
750 2286 889 2394 repub.
914 2286 1056 2396 poffis?
1114 2291 1172 2369 At
1195 2293 1235 2369 in

108 2403 201 2510 egoi
220 2399 370 2479 statutis
389 2397 609 2508 appellatur
627 2427 696 2478 rex
715 2397 899 2478 Dominus
916 2397 1045 2505 noster.
1104 2399 1237 2481 Mirus

108 2538 130 2593 u
151 2512 320 2621 quidem
346 2510 579 2591 statutorum
600 2509 822 2590 nostrorum
849 2509 1146 2589 nomenculator
1172 2539 1235 2592 re-

108 2620 208 2704 eme
222 2621 395 2717 evafisti3
426 2622 547 2702 nescis
568 2639 699 2701 tamen
716 2620 861 2700 multos
877 2621 957 2700 dici
973 2620 1154 2702 dominos
1168 2625 1237 2732 qui
1361 2723 1363 2727 ,

108 2762 168 2817 lon
193 2734 305 2829 sunt3
336 2732 457 2814 nescis
477 2731 598 2841 quim
617 2732 802 2841 iniquum
821 2731 867 2812 fit
892 2760 942 2812 ex
965 2732 1088 2813 titulis
1108 2731 1237 2816 horlo-

108 2848 214 2940 nriis,
229 2872 280 2926 ne
295 2844 426 2926 dicam
441 2844 679 2937 adulatoriis,
696 2844 745 2924 de
758 2843 847 2949 jure
868 2863 907 2924 et
921 2845 1084 2925 veritate
1104 2873 1236 2928 rerum

108 2958 271 3041 latuere.
330 2957 486 3037 Eodem
509 2954 612 3035 refer
630 2955 737 3063 quod
749 2956 1027 3063 parlamentum
1052 2957 1152 3063 regis
1175 2960 1237 3039 di-

108 3072 216 3152 itur:
247 3088 400 3149 namet
426 3067 591 3148 fraenum
618 3068 720 3174 regis
740 3085 923 3162 vocatur;
954 3066 1130 3177 adeoque
1157 3099 1236 3151 non

108 3178 218 3291 uagis
242 3207 314 3259 rex
334 3181 572 3260 Parlamenti
595 3177 651 3257 est
669 3178 869 3271 dominus,
888 3207 1010 3286 quam
1032 3209 1157 3288 equus
1181 3183 1238 3263 est

108 3292 150 3373 iri
174 3293 362 3373 dominus
381 3290 503 3371 sraeni.
562 3291 619 3369 At
638 3319 709 3369 cur
726 3319 796 3369 non
821 3290 920 3396 regis
940 3291 1238 3389 Parlamenturn,

108 3432 172 3485 κη
198 3403 309 3484 abeo
332 3421 566 3484 convocetur.
626 3403 773 3482 Dicam
801 3401 888 3495 tibi,
908 3403 978 3509 qui
1004 3426 1241 3487 convocatur

108 3516 214 3597 tiam
233 3515 384 3595 senatus
411 3511 641 3606 iConsuIe,
670 3541 797 3621 neque
824 3532 1030 3622 propterea
1057 3515 1241 3597 dominus

108 3627 199 3709 llius
223 3627 384 3706 concilii
404 3644 499 3706 erat.
561 3624 684 3736 Qod
702 3624 834 3731 itaque
853 3653 923 3704 rex
945 3625 1240 3708 Parlameutum

108 3756 297 3833 onvocat,
323 3737 364 3817 id
389 3736 485 3818 facit
506 3763 579 3845 pro
597 3736 729 3814 officio
754 3734 821 3815 suo
840 3763 885 3815 ac
905 3764 1069 3818 munere
1092 3740 1198 3847 quod
1218 3738 1242 3819 ὲ

108 3849 244 3962 ropulo
262 3849 427 3959 accepit,
443 3867 489 3928 ut
506 3848 627 3926 etiam
638 3875 737 3954 quos
751 3867 955 3942 convocat,
969 3877 1035 3928 eos
1048 3849 1096 3929 de
1110 3851 1241 3932 arduis

108 3962 207 4071 ugni
225 3963 395 4068 negotiis
412 3954 645 4052 consuleret,
666 3959 806 4038 nonde
823 3957 921 4039 suis:
953 3979 1020 4040 aut
1036 3960 1143 4069 srqua
1163 3964 1242 4043 dici

108 4072 159 4155 ira
174 4072 347 4183 possunt,
364 4072 413 4152 de
439 4072 486 4150 iis
502 4071 698 4179 postremo
715 4069 868 4179 semper
890 4071 978 4151 loco
997 4073 1063 4179 agi
1083 4073 1242 4155 solitum

108 4202 201 4278 ως
221 4183 622 4264 udarbitriumetia'm
634 4181 1119 4275 Parlamenti,nonsuum.
1151 4187 1243 4267 Nec

108 4294 188 4377 'ero
199 4295 397 4403 ignorant,
409 4321 581 4401 quorum
595 4292 636 4372 id
651 4293 808 4373 interest
822 4293 930 4387 scire,
945 4295 1242 4378 Parlamentum

108 4407 169 4489 ive
190 4426 391 4501 vocatum,
412 4407 487 4486 five
514 4432 594 4486 non
614 4425 799 4485 vocatum
823 4404 881 4484 bis
904 4408 1006 4486 intra
1023 4427 1243 4491 vertentem

108 4546 244 4601 unum
254 4519 471 4627 antiquitus
483 4544 533 4597 ex
549 4517 636 4625 lege
648 4516 814 4626 potuisse
825 4519 1049 4599 convenire.
1108 4521 1165 4599 At
1179 4552 1242 4601 re-

108 4630 153 4736 ‚u's
173 4631 288 4711 etiarn
312 4631 409 4737 leges
434 4647 715 4738 nuncupantur.
775 4630 875 4708 Sunt
900 4629 978 4710 istae
1004 4629 1167 4738 quidem
1193 4634 1244 4714 ad

108 4770 233 4853 egem
252 4739 446 4852 phalerae3
476 4768 548 4823 rex
567 4760 702 4822 autem
721 4738 879 4849 Angliae
897 4740 1029 4850 legem
1052 4739 1153 4821 ferre
1170 4771 1245 4854 per
