2888 5204
157 205 235 288 282
430 194 521 289 Pro
546 187 732 325 Populo
759 182 1029 323 Anglicano

154 371 264 452 modi
280 370 512 452 sententiam
531 368 647 465 ferre,
660 386 705 450 ut
715 396 800 476 eJus
813 369 1031 453 adversario
1040 370 1293 481 palmameti·

153 479 947 610 amadjudicareiplerisqueexistimeris.
976 481 1293 595 Qotehonore,

152 595 231 704 qud
244 614 282 675 te
293 614 543 676 veneratione
546 594 741 703 ,Regina,
755 593 938 705 prosequi
948 592 1106 706 semper
1116 595 1293 691 debuero

151 706 263 812 cujus
277 706 428 788 excelsa
448 708 571 788 virtus
590 735 636 787 ac
654 707 887 815 magnitudo
906 707 1031 788 animi
1048 734 1132 788 non
1152 709 1226 790 tibi
1242 708 1293 789 so·

153 817 240 899 lum
254 819 436 927 gloriosa,
454 818 518 899 sed
537 817 640 899 mihi
657 820 780 899 etiam
795 836 878 899 tam
896 818 1020 901 fausta
1037 838 1161 929 aue
1180 818 1293 902 sortu-

152 949 258 1025 nata,
272 949 313 1011 et
331 931 546 1042 suspicione
562 959 627 1011 me
643 957 756 1010 omni
771 948 837 1040 a
838 959 888 1010 ue
903 838 1108 1012 infamia
1083 960 1107 1012 a
1137 933 1192 1014 ud
1209 932 1291 1014 alios

153 1070 263 1151 reges
277 1043 470 1138 liberavit,
476 1063 517 1125 et
531 1043 715 1154 praeclaro
726 1071 772 1124 ac
786 1044 1003 1125 immortali
1017 1041 1099 1125 hoc
1107 962 1292 1127 beneficio

153 1154 257 1236 tibi
245 1183 286 1235 ιιι
302 1174 541 1268 perpetuum
559 1155 866 1236 devinxitlu
796 1159 934 1266 Qam
946 1155 1045 1236 bene
1058 1156 1111 1237 de
1122 1157 1291 1267 aquine

153 1285 221 1347 tua
221 1264 379 1378 ,deque
391 1267 542 1376 justitia
556 1287 597 1348 et
612 1266 752 1347 sentire
771 1269 911 1362 exteri,
935 1286 976 1349 et
994 1265 1138 1348 sentire
1156 1287 1200 1351 et
1216 1268 1291 1380 spe-

152 1407 236 1459 rare
251 1379 404 1490 semper
421 1381 481 1461 tui
494 1379 639 1510 populi
653 1378 868 1474 debebunt,
911 1381 969 1475 ui,
988 1407 1084 1460 cum
1101 1398 1171 1463 tua
1185 1410 1244 1465 rea
1255 1406 1291 1462 ac

153 1519 230 1597 maJ
221 1491 331 1572 estas
346 1493 427 1620 ipsa
440 1519 507 1601 agr
494 1491 737 1586 videretur,
754 1509 835 1573 tarn
855 1493 898 1570 ni
928 1492 957 1570 il
976 1491 1179 1575 turbatam
1198 1512 1235 1574 te
1250 1492 1290 1573 dr
1327 1532 1329 1591 ς

151 1621 221 1683 tuo
213 1519 345 1683 Jhaud
365 1604 496 1684 minus
515 1604 684 1713 placide,
707 1603 898 1713 quamde
916 1603 1095 1714 populi
1074 1630 1170 1711 Jure
1190 1605 1288 1701 soles,
1327 1598 1329 1667 ι

145 1712 393 1819 judicantem
408 1716 604 1797 viderunt.
651 1716 746 1822 Jam
764 1735 808 1797 tu
826 1715 990 1826 quidem
1008 1714 1130 1797 haud
1126 1736 1288 1811 temere,

152 1843 212 1905 tot
229 1829 445 1937 conquisita
468 1829 642 1936 undique
661 1829 879 1924 volumina,
902 1846 962 1910 tot
985 1829 1192 1911 literarum
1212 1856 1288 1911 mo·

148 1958 338 2020 numenta
356 1940 591 2050 congessisti,
611 1967 691 2021 non
702 1941 821 2072 'quast
840 1959 879 2020 te
901 1941 968 2022 illa
991 1943 1213 2051 quicquam
1228 1942 1289 2022 do·

150 2078 253 2146 cere,
288 2052 351 2132 sed
382 2072 427 2133 ut
464 2080 515 2132 ex
546 2052 624 2133 illis
655 2055 713 2133 tui
743 2055 849 2134 cives
882 2072 921 2134 te
950 2052 1113 2148 discere,
1145 2071 1287 2164 tueque

149 2164 304 2245 virtutis
318 2193 362 2245 ac
375 2163 569 2274 sapientiae
583 2165 842 2273 praestantiam
856 2156 1120 2276 contemplari
1135 2166 1285 2276 poffint,

148 2274 1287 2500 ιιιιιιιιιιιιιιιιιιιιιιιιιιι

149 2495 254 2578 haud
269 2500 349 2579 ulla
360 2498 538 2611 profesto
555 2500 746 2582 librorum
758 2501 939 2596 lestione,
954 2519 1038 2582 tam
1049 2500 1285 2582 incredibile

149 2637 301 2691 amores
319 2613 550 2693 excitasset
538 2641 580 2692 ιιι
600 2631 638 2693 te
654 2611 730 2694 sui:
761 2611 842 2722 qub
862 2614 987 2723 magis
1010 2612 1130 2693 illum
1155 2612 1285 2693 mentis

150 2740 225 2800 tuae
252 2725 431 2830 vigorem
459 2723 574 2835 plane
601 2723 814 2807 aethereum
840 2743 880 2805 et
910 2725 1018 2833 quafi
1050 2725 1284 2835 purissrmam

147 2834 288 2912 divinae
300 2862 400 2915 aurae
413 2856 567 2947 partem
581 2839 622 2917 in
638 2838 723 2917 illas
735 2837 893 2918 ultimas
906 2839 1083 2947 regiones
1099 2836 1282 2947 delapsam

148 2947 412 3042 admiramur;
433 2977 556 3056 quam
573 2976 702 3058 neque
720 2949 868 3029 coelum
886 2949 984 3029 illud
997 2949 1105 3029 triste
1120 2976 1166 3030 ac
1179 2948 1282 3030 nubi·

133 3058 277 3139 ¹losum
296 3060 386 3140 ullis
406 3058 617 3169 frigoribus
636 3061 867 3168 extinguere
886 3079 955 3141 aut
972 3088 1150 3192 gravare,
1168 3082 1281 3170 neque

147 3170 275 3254 solum
290 3172 389 3253 illud
404 3169 610 3253 horridum
625 3200 669 3252 ac
685 3171 934 3266 salebrosum,
949 3172 1076 3300 quod·
1076 3190 1118 3253 et
1138 3173 1282 3281 ingenit

145 3311 305 3393 quoque
326 3284 546 3365 incolarum
571 3282 677 3364 haud
699 3282 787 3365 rard
811 3285 981 3379 indurat,
1007 3283 1226 3394 quicquam
1247 3284 1281 3363 in

146 3414 184 3475 te
203 3397 391 3504 inaequale
411 3415 478 3476 aut
496 3394 675 3506 asperum
698 3424 828 3477 creare
848 3398 1002 3508 ροιιιίι.
1032 3397 1133 3505 quin
1155 3414 1196 3478 et
1214 3392 1282 3523 ipsa

146 3524 246 3586 terra
262 3509 345 3601 illa,
366 3526 425 3590 tot
443 3508 611 3589 metallis
630 3506 827 3603 foecunda,
856 3509 988 3589 fialiis
1011 3533 1195 3605 noverca,
1220 3504 1283 3590 tibi

144 3638 250 3698 certe
233 3610 367 3699 alma
381 3647 535 3729 parens,
549 3638 587 3700 te
601 3619 764 3703 summis
778 3622 894 3701 enixa
914 3618 1063 3701 viribus
1075 3638 1205 3703 totam
1220 3648 1282 3702 ιιι·

145 3756 252 3810 ream
279 3731 501 3839 produxisse
527 3733 694 3812 videtur.
754 3733 944 3813 Dicerem
962 3730 1146 3842 Adolphi
1169 3732 1283 3814 filiam

142 3842 279 3921 invicti
291 3860 408 3950 atque
428 3843 565 3951 inclyti
584 3845 687 3952 regis
703 3846 863 3926 unicam
878 3845 1046 3955 prolem,
1062 3844 1134 3925 nisi
1154 3866 1198 3928 tu
1216 3842 1282 3937 illi,
1327 3908 1329 3941 ;

144 3953 348 4062 Christano,
365 3971 519 4034 tantum
538 3957 780 4066 praeluceres,
796 3976 990 4067 quantum
1009 3956 1162 4038 viribus
1164 3956 1283 4067 s,api·

142 4066 261 4159 entia,
277 4064 372 4145 belli
387 4066 535 4147 artibus
547 4095 654 4177 pacis
674 4068 799 4150 studia
819 4069 1058 4178 praecellunt.
1088 4069 1187 4174 Jam
1200 4066 1281 4149 mdc
1327 4142 1329 4185 Ι

140 4176 319 4292 profedtd
338 4178 472 4286 regina
491 4180 627 4261 Austri
645 4177 751 4261 haud
770 4181 848 4262 sola
865 4179 1148 4263 celebrabitur.
1173 4180 1282 4262 habet

141 4319 246 4373 nunc
260 4310 301 4370 et
312 4291 535 4401 Septentrio
550 4293 728 4401 reginam
741 4292 864 4388 suam,
876 4313 917 4374 et
930 4293 1095 4401 dignam
1106 4292 1196 4377 sane
1205 4318 1282 4405 que

142 4433 222 4489 non
250 4401 371 4484 modb
400 4402 721 4515 sapientisfimum
745 4406 861 4487 illum
877 4406 1108 4513 Judaeorum
1139 4431 1281 4518 regern,
