2888 5204
144 600 225 685 ¹74
404 564 497 660 Pro
522 558 710 698 Populo
735 554 1006 693 Anglieano

141 765 273 824 tamen
299 741 523 824 libertatem
548 742 744 854 poscebat,
772 770 912 853 pacem
936 769 1016 823 non
1045 740 1118 822 niti
1137 738 1277 820 firmam

140 876 258 965 atque
275 853 490 936 honestam.
552 857 665 966 Qid
685 854 751 936 htc
764 873 899 964 ageret
918 855 1110 936 Senatus?
1140 871 1278 963 partem

142 967 245 1049 hanc
265 967 410 1062 sanam,
429 987 469 1046 et
496 966 565 1047 fibi
585 988 624 1048 et
642 968 774 1078 patriae
792 967 952 1049 fidelem
973 963 1217 1059 defenderet,
1239 988 1279 1042 an

140 1080 390 1161 desertricem
402 1080 513 1160 illam
526 1079 776 1188 sequeretur?
834 1081 924 1160 Scio
935 1078 1069 1189 quida
1122 1102 1280 1187 reoper-

143 1191 254 1272 tuiffe
272 1192 402 1287 dices;
435 1220 512 1272 non
532 1192 641 1272 enim
661 1189 924 1300 Eurylochus,
948 1191 1013 1271 sed
1037 1192 1074 1270 E
1090 1216 1215 1301 penor
1233 1208 1281 1281 et.

142 1304 183 1383 id
209 1305 264 1385 est
283 1304 360 1384 vile
379 1305 526 1385 animal
546 1301 751 1399 Ciree‘um,
777 1332 919 1414 porcus
938 1303 1189 1396 immundus,
1211 1314 1283 1381 tui·

143 1417 297 1526 piffima
323 1415 505 1497 servitute
531 1419 652 1497 etiam
678 1416 747 1496 sub
774 1415 937 1497 foemina
962 1413 1157 1511 affuetua3
1191 1408 1282 1493 udde

145 1530 301 1610 nullum
316 1530 476 1639 gustum
491 1529 661 1624 virtutis,
682 1547 722 1610 et
737 1558 823 1638 quae
838 1556 889 1609 ex
908 1554 953 1608 ea
973 1526 1162 1621 nascitur,
1176 1524 1282 1607 liber·

146 1644 234 1723 tatis
247 1640 389 1738 habes;
420 1669 557 1722 omnes
570 1640 644 1721 effe
656 1640 782 1722 servos
796 1641 923 1749 cupis,
935 1637 1044 1750 qudd
1058 1636 1302 1719 nihilintuo·

145 1759 302 1865 pedore
317 1753 549 1863 generosum
564 1773 632 1834 aut
642 1753 813 1834 liberum
825 1754 953 1847 sentis,
969 1749 1073 1832 nihil
1085 1778 1167 1831 non
1181 1751 1281 1859 igno-

145 1866 225 1946 bile
236 1889 354 1975 atque
369 1866 504 1946 servile
517 1884 584 1946 aut
596 1866 767 1974 loqueris
780 1884 848 1946 aut
862 1863 992 1974 spiras.
1029 1856 1280 1972 Injicisporrd

145 1979 372 2087 scrupulum
391 1976 499 2086 qudd
518 1997 555 2058 et
575 1978 710 2059 Scotiae
727 1995 915 2072 rexerat,
935 1974 978 2057 de
995 2005 1066 2086 quo
1074 1973 1281 2085 statamus,

144 2090 253 2199 quafi
283 2090 429 2170 idcirco
457 2090 499 2169 in
525 2090 673 2198 Anglia
700 2091 863 2199 impune
894 2088 1050 2199 quidvis
1079 2087 1142 2167 illi
1168 2085 1282 2168 facere

147 2204 295 2282 liceret.
356 2203 417 2281 Ut
435 2200 513 2282 hoc
539 2221 659 2312 caput
677 2203 848 2311 denique
868 2230 945 2311 prae
962 2200 1111 2281 eaeteria
1137 2196 1282 2279 elumbe

145 2334 263 2424 atque
279 2316 434 2395 aridum
445 2316 579 2422 aliquo
591 2315 725 2395 saltem
742 2312 867 2394 facete
882 2313 988 2393 dieto
1001 2340 1123 2422 queas
1134 2309 1282 2393 conclu-

146 2429 251 2521 dere,
279 2425 377 2522 duae,
401 2429 546 2535 inquis,
560 2425 658 2533 stent
683 2428 825 2507 voculae
849 2423 969 2533 iistiem
991 2454 1038 2505 ac
1056 2424 1207 2506 totidem
1221 2422 1282 2503 ele·

146 2539 276 2619 mentis
308 2538 521 2648 constantes,
538 2538 619 2646 solo
648 2538 847 2619 literarum
866 2538 952 2645 fitu
980 2535 1209 2647 difflrentes,
1224 2530 1287 2642 std

146 2653 300 2732 immane
318 2669 496 2760 quantum
512 2650 785 2759 significatione
803 2649 1026 2758 dffrentes,
1051 2649 1118 2729 Vis
1143 2667 1182 2730 et
1200 2646 1282 2757 Jus.

148 2762 325 2842 Minime
346 2761 523 2872 profectd
543 2765 692 2843 mirum
712 2763 781 2857 est,
798 2782 835 2843 te
857 2764 978 2843 trium
997 2762 1203 2842 literarum
1220 2758 1284 2839 ho-

148 2876 301 2955 minem
316 2893 397 2954 tam
410 2876 545 2955 scitam
565 2904 615 2955 ex
630 2875 753 2955 tribus
772 2875 894 2955 literis
907 2872 1145 2982 argutiolam
1160 2870 1287 2954 excul-

148 3016 241 3096 pere
254 2986 432 3097 potuiffe,
447 2985 523 3067 hoc
536 2989 661 3095 magis
675 2986 902 3067 mirandum
913 2986 969 3067 est
979 2986 1088 3094 quod
1101 3004 1188 3066 toto
1198 2984 1289 3067 libro

149 3100 291 3192 afferis,
311 3098 406 3179 duas
427 3127 485 3179 res
506 3119 588 3179 tam
607 3102 707 3180 inter
726 3100 762 3179 se
783 3099 989 3207 caeteroqui
1009 3096 1291 3207 diffitentem

149 3210 306 3319 regibus
326 3238 451 3290 unum
477 3230 596 3320 atque
623 3211 731 3291 idem
757 3211 845 3291 effe.
905 3213 1006 3322 Qae
1029 3213 1139 3291 enim
1158 3214 1219 3292 vis
1241 3208 1293 3289 est

150 3351 325 3430 unquam
342 3319 364 3401 a
380 3323 537 3430 regibus
554 3321 669 3417 faeta,
684 3351 804 3432 quam
821 3350 899 3403 non
913 3323 978 3430 jus
992 3325 1149 3431 regium
1165 3344 1209 3405 tu
1223 3320 1294 3403 effe

148 3435 376 3515 affirmasti?
417 3436 515 3516 Haec
531 3435 617 3515 sunt
632 3465 718 3545 quae
734 3463 877 3515 novem
891 3435 1045 3544 paginis
1056 3435 1158 3516 bene
1171 3434 1296 3545 longis

149 3547 391 3657 responfione
419 3548 539 3655 digna
558 3548 865 3628 animadvertere
883 3548 1021 3658 pdtui3
1050 3566 1190 3629 caetera
1212 3546 1297 3627 sunt

149 3687 209 3754 ea,
229 3689 315 3770 quae
334 3678 400 3740 aut
419 3660 637 3740 identidem
657 3661 821 3770 repetita
844 3657 950 3740 haud
970 3659 1090 3740 semel
1110 3659 1297 3742 refutavi·

150 3800 253 3866 mus,
275 3791 342 3852 aut
361 3772 408 3850 ad
436 3770 536 3852 hanc
556 3772 711 3852 causam
738 3771 1030 3881 disceptandam
1048 3772 1208 3853 nullum
1227 3769 1298 3852 ha·

149 3883 244 3963 bent
259 3903 522 3964 momentum.
583 3885 721 3992 Itaque
736 3884 849 3964 solito
865 3911 970 3964 nunc
985 3884 1139 3965 brevior
1153 3885 1183 3965 fi
1198 3884 1298 3979 sum,

151 3995 191 4074 id
205 4023 283 4074 non
297 4023 392 4075 meae
404 3997 630 4103 diligentiae,
643 4024 764 4103 quam
778 3998 817 4075 in
830 3995 906 4076 hoc
918 3994 1073 4076 summo
1085 3997 1203 4078 taedio
1214 3996 1299 4077 lan·

6 4164 11 4173 .
150 4106 331 4215 guescere
359 4134 436 4187 non
463 4108 606 4216 patior,
634 4107 698 4187 sed
726 4126 799 4188 tuae
829 4109 1072 4217 loquacitati,
1099 4136 1235 4190 rerum
1261 4127 1301 4190 et

150 4219 347 4300 rationum
368 4239 449 4299 tam
468 4220 573 4301 caffae
592 4238 709 4328 atque
729 4221 851 4316 inani,
871 4221 1153 4331 imputandum
1172 4222 1262 4303 erit.
