2888 5204
147 580 170 636 2
606 528 833 632 Praefatio.

143 719 339 831 perao'lum
347 717 432 826 βω
461 710 617 824 meosque
636 715 735 794 cives
743 710 959 821 fortifflmos
977 727 1014 790 et
1033 703 1300 816 integerrimos,

151 829 263 942 deque
282 828 460 937 universs
472 826 568 907 orbis
582 845 774 906 terrarum
787 823 931 906 omibus
944 853 990 905 ac
998 821 1144 935 populis
1157 815 1304 926 egregi>

153 944 301 1025 meritos
321 942 369 1023 ab
395 939 650 1051 improbiffimis
673 936 943 1029 maledicorum,
959 935 1046 1041 five
1073 931 1303 1042 nostratium,

141 1057 230 1164 sve
247 1074 455 1135 exterorum
469 1050 673 1144 columniis,
690 1068 769 1129 tum
784 1049 961 1158 imprimis
974 1047 1022 1127 ab
1037 1044 1147 1151 hujus
1165 1041 1305 1147 inanis·

141 1168 236 1277 fimi
247 1167 420 1279 Sophssae
435 1164 649 1257 maledit‘tis
666 1162 732 1272 qui
739 1181 812 1271 pro
830 1162 920 1242 duce
938 1179 975 1240 et
993 1159 1177 1269 coryphae
1195 1165 1324 1236 caete·'

159 1309 285 1371 rorum
290 1278 337 1385 se
344 1278 461 1387 gerit,
468 1275 594 1385 facile
605 1273 805 1382 defendam.
864 1277 961 1381 Qua
971 1272 1063 1354 enim
1078 1271 1189 1352 ullius
1206 1264 1309 1375 regis

159 1394 236 1473 alto
244 1392 339 1498 solio
342 1389 507 1498 sedentis
523 1387 688 1498 majestas
707 1416 866 1498 unquam
885 1402 996 1466 tanta
1014 1383 1146 1476 eluxit,
1165 1397 1309 1491 quanta

160 1523 240 1587 tum
253 1503 393 1613 Populi
399 1500 610 1610 Anglicani
619 1499 833 1608 effulgebat,
850 1528 932 1579 cum
944 1496 1089 1608 excuffil
1108 1495 1176 1575 illa
1188 1489 1314 1574 veteri

123 1682 128 1690 .
149 1616 525 1726 sosperstitione„quee
543 1614 607 1694 diu
626 1613 856 1705 invaluerat,
877 1611 989 1721 ipstem
1008 1638 1143 1716 regem,
1153 1607 1225 1714 seu
1239 1623 1310 1715 po·

163 1727 295 1810 eiusde
310 1757 396 1835 rege
410 1727 551 1836 lzostem,
569 1725 636 1836 qui
637 1725 741 1832 solus
753 1724 961 1805 mortalium
976 1723 1227 1832 impunitatem
1232 1717 1316 1824 fibi

164 1841 287 1922 diuino
290 1837 384 1945 jure
394 1837 628 1932 vendicabat,
630 1837 715 1945 fisis
725 1836 864 1945 legibus
875 1837 1064 1917 irretitum
1067 1833 1209 1941 judicio
1217 1850 1314 1940 per-

152 1951 333 2061 fundere,
353 1968 390 2031 et
409 1980 477 2061 quo
496 1951 527 2030 is
546 1978 789 2060 quemcunque
805 1947 1110 2057 aliumstepplicio
1124 1944 1313 2054 affecqffet,

167 2062 430 2170 eodemsontem
449 2063 562 2173 ipstom
577 2062 720 2172 effrem
732 2091 801 2142 non
815 2080 1026 2141 vereretur.
1071 2062 1132 2141 At
1150 2057 1241 2169 quid
1251 2084 1321 2164 ego-

168 2177 249 2257 lsaec
273 2195 450 2286 tanquam
467 2175 599 2287 populi
608 2174 728 2282 salia
748 2172 948 2284 praedico?
977 2201 1060 2282 quae
1090 2171 1168 2283 ipsa
1185 2167 1318 2282 perse

162 2288 256 2399 pene
272 2315 393 2369 vocem
404 2287 532 2382 edunt,
552 2302 589 2367 et
597 2285 815 2397 presentem
834 2285 964 2395 ubique
978 2285 1161 2394 testantur
1175 2287 1316 2365 Deum.

170 2401 261 2508 Qui,
292 2400 429 2510 quoties
440 2399 530 2506 stoa
543 2399 816 2508 sapientffmae
839 2398 954 2478 menti
975 2397 1229 2506 complacitum
1254 2394 1318 2505 est,

156 2512 337 2623 stoperbos
350 2530 388 2591 et
398 2511 609 2620 effraenatos
623 2540 739 2618 reges,
741 2510 868 2619 stupro
881 2512 1077 2590 humanum
1094 2510 1234 2590 modum
1240 2508 1322 2616 sese

171 2625 392 2716 attollentes,
399 2623 498 2729 solet
512 2621 724 2717 deturbare,
740 2640 776 2704 et
795 2622 876 2703 tort
885 2622 991 2730 sape
1006 2652 1087 2702 cum
1106 2621 1204 2703 domo
1215 2625 1321 2731 sun-

171 2736 272 2817 ditus
289 2736 440 2816 evertit.
499 2734 608 2814 Illius
630 2764 694 2814 nos
713 2733 898 2842 mansesto
924 2735 1069 2815 numine
1095 2734 1322 2841 adsalutem

172 2865 210 2928 et
231 2847 438 2928 libertatem
457 2847 575 2956 propt
592 2847 753 2958 omssom
769 2846 896 2953 soabito
919 2848 1048 2941 erelli,
1076 2848 1179 2927 illum
1197 2846 1323 2928 ducem

159 2959 299 3066 secuti,
312 2978 349 3039 et
360 2958 525 3069 impreffa
535 2958 661 3068 pafflm
672 2958 801 3039 divina
812 2958 965 3068 vestigia
976 2977 1208 3053 venerantes,
1221 2960 1324 3040 viam

174 3070 278 3152 haud
288 3070 567 3178 obscuram‚sed
577 3069 765 3178 illustrem,
779 3071 878 3151 illius
887 3070 1058 3180 auspiciis
1071 3073 1325 3182 commonslra-

175 3202 252 3263 tam
266 3201 303 3263 et
311 3181 542 3292 patefot‘tam
557 3182 849 3290 ingrefflstemus.
900 3187 1000 3263 Hac
1009 3212 1072 3292 ego
1086 3184 1205 3265 omnia
1217 3183 1325 3292 digne

162 3293 266 3401 sartis
279 3296 479 3405 explicare,
491 3314 527 3374 et
542 3293 639 3404 quod
646 3293 929 3403 omnessortqse
936 3315 1065 3403 gentes
1075 3296 1201 3404 legant
1213 3316 1326 3408 atque

178 3424 322 3500 etates,
338 3407 573 3487 monumentis
587 3407 751 3500 tradere,
757 3407 802 3512 ſs
816 3407 1011 3514 diligentius
1015 3407 1138 3514 solum
1151 3411 1246 3504 med,
1260 3440 1328 3490 cu·

166 3517 465 3629 jusmodicunque
483 3517 545 3626 el,
564 3519 650 3599 meis
668 3517 815 3599 tantum
834 3520 980 3600 viribus
985 3518 1131 3630 sperem
1150 3551 1204 3602 me
1217 3521 1325 3633 pose,

164 3631 418 3740 frustrastm.
476 3631 679 3738 Quonim
696 3632 813 3713 oratio
831 3651 910 3713 tom
925 3634 1081 3743 augusla
1095 3651 1207 3743 atque
1219 3664 1328 3742 mag-

179 3743 304 3850 nqica,
324 3742 421 3853 quod
435 3761 512 3823 tom
530 3744 705 3824 excellens
724 3744 906 3851 ingenium
925 3745 1011 3823 lzuic
1028 3745 1328 3852 oneristsbeundo

173 3872 253 3964 par
264 3853 328 3962 ψ
346 3872 471 3965 queat,
488 3872 531 3933 ut
546 3852 628 3933 cum
642 3853 836 3962 illustrium
855 3856 1024 3936 virorum
1041 3877 1111 3938 aut
1130 3858 1328 3939 crustatum

181 3995 242 4045 res
256 3965 376 4071 gestos
394 3967 462 4046 vix
482 3966 696 4074 reperiatur
714 3984 770 4048 tot
780 3967 921 4075 staulis
944 3970 1011 4079 qui
1029 3970 1212 4050 luculente
1224 3970 1330 4079 poffit

167 4076 351 4182 scribere,
371 4078 540 4186 opinetur
558 4077 745 4187 qusquam
764 4080 857 4174 hac,
878 4109 946 4160 non
966 4083 1159 4176 hominum,
1166 4081 1241 4187 sed
1255 4112 1331 4161 om-

181 4189 375 4298 nipotentis
388 4190 501 4297 plan>
514 4190 596 4270 Dei
606 4190 762 4296 glorios>
781 4210 818 4271 et
827 4191 1052 4273 mirabiliter
1055 4195 1176 4301 frasta
1195 4195 1282 4273 ullis
1283 4193 1331 4299 se

181 4301 307 4382 verbis
331 4319 401 4381 aut
413 4302 511 4410 slylo
534 4301 671 4410 asequi
683 4301 813 4412 passe?
841 4303 951 4410 Quod
969 4306 1110 4415 quidem
1132 4335 1264 4386 munus
1288 4323 1331 4386 ut

169 4411 407 4521 sussciperem,
432 4414 727 4520 tametfistommi
746 4415 784 4494 in
810 4415 999 4525 republica
1017 4418 1141 4527 noslrd
1158 4419 1242 4498 vr'ri
1251 4419 1334 4525 sud

181 4525 411 4605 authoritate
414 4524 671 4633 perfecerunt,
682 4525 839 4635 mihique
857 4530 923 4608 hoc
935 4530 1117 4636 negotium
1130 4529 1258 4610 datum
1269 4529 1334 4638 ese

180 4639 394 4730 voluerunt,
415 4655 459 4715 ut
477 4666 560 4746 quae
579 4636 649 4732 illi,
670 4639 754 4719 Deo
772 4638 936 4735 duetore,
956 4670 1193 4749 magnacum
1208 4642 1334 4749 gloria

176 4749 327 4858 geffire,
342 4778 401 4844 ea,
416 4749 514 4859 quod
527 4750 628 4831 certe
639 4751 850 4859 proximum
868 4751 930 4861 est,
950 4772 1082 4838 contra
1102 4753 1280 4835 invidiam
1299 4773 1336 4834 et
