2888 5204
155 225 234 305 300
433 189 524 281 Pro
551 182 736 318 Populo
761 181 1034 314 Anglicano

150 386 257 439 nunc
271 359 460 441 militares
473 362 596 440 etiam
610 360 898 442 etfortesviros
909 358 962 439 ad
976 358 1161 467 inopiam
1173 358 1288 438 redac-

150 491 211 551 tos
229 472 306 551 suis
324 472 467 581 opibus
486 472 683 569 sublevat3
704 474 753 554 iis
772 472 801 551 fi
820 499 901 551 non
915 470 1119 579 indigent,
1137 471 1289 550 colitu-

149 611 243 663 men
256 583 381 667 libens
392 605 510 693 atque
524 587 794 695 ampledtitur;
810 585 955 663 alienas
966 583 1106 665 laudes
1116 578 1289 693 perpetib

148 697 372 804 predicare,
392 696 476 777 suas
497 717 623 777 tacere
642 697 799 791 solitus;
829 693 1006 776 hostium
1026 722 1190 804 quoque
1206 694 1288 775 civi·

148 809 266 901 lium,
291 809 319 888 fi
341 810 430 916 quis
453 809 501 889 ad
525 809 726 889 sanitatem
749 809 882 901 rediit,
901 806 1011 916 quod
1036 809 1197 916 experti
1217 806 1288 887 sunt

148 920 327 1028 plurimi,
348 948 466 1000 nemo
481 920 758 1028 ignoscentior.
818 918 984 1034 Qodfi
1001 920 1119 998 causa
1137 916 1288 1029 oppreffi

148 1032 366 1140 cujuspiam
382 1032 626 1112 defendenda
645 1030 792 1142 paldm,
812 1032 982 1140 figratia
999 1050 1072 1109 aut
1085 1033 1148 1111 vis
1166 1049 1288 1140 poten·
1323 1060 1325 1113 ῑ

149 1144 296 1223 tiorum
315 1144 595 1254 oppugnanda,
621 1145 649 1224 fi
668 1149 709 1224 in
729 1172 956 1254 quenquam
973 1140 1286 1234 benemeritam,
1323 1186 1325 1197 ·

148 1256 390 1362 ingratitudo
403 1255 562 1367 publica
573 1255 815 1364 objurganda
826 1257 885 1350 fit,
899 1275 987 1336 tum
998 1254 1285 1361 quideminillo
1322 1288 1325 1297 ·

148 1369 248 1461 viro,
268 1368 331 1447 vel
351 1368 576 1448 facundiam
594 1368 658 1447 vel
676 1369 935 1448 constantiam
957 1392 1079 1447 nemo
1097 1366 1284 1456 defideret,

148 1507 227 1557 non
247 1499 473 1588 patronum,
500 1509 578 1560 non
602 1481 793 1578 amicum,
808 1481 873 1560 vel
891 1480 1084 1560 idoneum
1109 1479 1234 1585 magis
1254 1494 1285 1554 et

148 1591 407 1700 intrepidum,
424 1582 487 1672 vel
502 1592 747 1672 disertiorem
768 1593 893 1672 alium
909 1587 1122 1699 quisquam
1141 1590 1212 1670 fibi
1223 1616 1285 1698 op-

149 1720 221 1796 tet;
239 1701 371 1797 habet,
385 1731 505 1812 quem
518 1731 597 1783 non
609 1705 726 1784 minae
736 1705 937 1784 dimovere
949 1706 1162 1796 red'tomon
1175 1720 1284 1782 met'ut

149 1833 217 1893 aut
241 1843 404 1894 munera
428 1817 628 1926 propofito
653 1816 757 1896 bono
781 1835 899 1923 atque
923 1813 1071 1909 officio,
1092 1812 1283 1920 vultusque
1314 1910 1318 1917 Ι

146 1953 192 2006 ac
213 1928 355 2008 mentis
373 1927 592 2007 firmissimo
607 1927 707 2007 statu
721 1928 889 2033 dejicere
903 1927 1076 2007 valeant.
1137 1926 1281 2036 Qibus

147 2039 372 2133 virtutibus,
385 2059 425 2119 et
436 2040 632 2150 plerisque
644 2041 788 2120 merito
799 2038 956 2132 charus,
968 2058 1011 2118 et
1021 2035 1283 2118 inimicissimis

147 2177 225 2230 non
238 2151 562 2245 contemnendus,
568 2152 764 2260 gestarum
780 2149 938 2260 egregie
953 2177 1087 2231 rerum
1098 2151 1141 2229 in
1154 2147 1282 2260 repub-

147 2261 223 2342 lica
242 2263 415 2358 laudem,
436 2263 595 2373 dirupto
613 2283 664 2357 te,
678 2265 813 2358 Mure,
827 2265 963 2372 tuique
976 2257 1281 2371 fimilibus,apud

147 2401 285 2454 omnes
301 2395 389 2454 tum
404 2396 559 2456 exteros
571 2397 658 2455 tum
673 2374 860 2486 posteros,
876 2377 917 2454 in
929 2402 1048 2456 omne
1063 2401 1194 2455 aevum
1205 2398 1283 2484 pro-

146 2486 320 2595 pagabit.
361 2487 436 2566 Sed
455 2487 716 2598 pergendum,
738 2490 829 2567 Rex
845 2487 972 2597 capite
992 2488 1202 2567 damnatus
1215 2483 1282 2565 est:
1323 2536 1325 2561 2

146 2615 279 2676 contra
296 2598 392 2677 hanc
408 2601 593 2706 vestiariam
609 2598 774 2680 Londini
782 2601 934 2709 pulpita
948 2599 1043 2709 ferd
1060 2597 1182 2678 omnia
1200 2596 1285 2678 deto-

146 2739 251 2789 nare.
311 2711 464 2819 Ligneo
485 2713 557 2793 isto
575 2713 720 2792 tonitru
740 2710 846 2792 haud
861 2712 1036 2792 multum
1052 2727 1191 2804 terres,
1207 2710 1286 2789 istos

145 2822 369 2903 Salmoneas
382 2823 483 2904 nihil
499 2852 704 2919 veremur;
726 2825 797 2934 qui
816 2824 1001 2904 fictitium
1020 2823 1122 2903 illud
1140 2821 1287 2903 fulmen

146 2954 186 3015 et
204 2955 430 3043 arrogatum
450 2937 534 3033 fibi,
562 2936 772 3044 aliquando
792 2936 927 3027 luent;
956 2963 1093 3045 graves
1115 2932 1288 3044 prosedb

146 3045 328 3127 authores
348 3068 388 3129 et
409 3049 560 3144 sinceri,
577 3051 649 3158 qui
667 3048 787 3158 paulo
805 3067 893 3130 ante
911 3076 961 3129 ex
977 3046 1115 3127 iisdem
1129 3047 1288 3159 pulpitis

145 3159 507 3240 contraPluralistas
518 3161 891 3241 etNon-refidentes
902 3158 1065 3270 strepitu
1076 3156 1190 3267 aequd
1201 3160 1290 3239 hor·

146 3271 251 3350 ribili
275 3270 534 3365 detonabant;
561 3271 680 3381 paulb
699 3274 800 3382 post,
829 3273 949 3382 raptis
973 3273 1040 3353 bic
1067 3269 1138 3351 fibi
1158 3273 1288 3365 ternis,

144 3383 211 3461 ille
235 3385 432 3492 quaternis
454 3384 704 3463 Praelatorum
730 3384 966 3478 sacerdotiis,
994 3409 1095 3493 quos
1123 3385 1290 3465 tonando

143 3493 368 3602 abegerant,
385 3516 501 3604 atque
519 3496 608 3575 inde
630 3498 936 3577 non-residentes
955 3493 1167 3576 neceffarib
1186 3496 1288 3590 faeti,

143 3606 283 3685 eodem
298 3606 368 3714 ipsi
382 3609 548 3687 crimine
565 3605 796 3688 tinebantur
810 3611 850 3688 in
866 3608 975 3717 quod
989 3607 1243 3705 detonabant,
1255 3629 1291 3688 et

142 3714 200 3794 sui
219 3716 382 3825 quisque
399 3721 565 3798 tonitrus
586 3720 758 3799 bidental
778 3720 901 3801 faetus
920 3720 1000 3801 est:
1029 3747 1161 3827 neque
1192 3722 1289 3803 ullus

142 3825 270 3907 adhuc
291 3827 441 3937 pudor;
473 3858 577 3910 nunc
600 3833 640 3910 in
660 3832 910 3913 vendicandis
934 3832 1004 3912 fibi
1026 3832 1196 3914 decimis
1220 3832 1289 3916 toti

141 3939 252 4036 sunt;
273 3960 312 4020 et
327 3940 414 4022 sane
431 3942 458 4021 fi
474 3943 717 4022 decimarum
738 3963 843 4024 tanta
859 3944 938 4024 fitis
952 3944 1021 4038 est,
1036 3943 1179 4025 censeo
1194 3944 1289 4026 affa-

141 4053 215 4132 tim
235 4053 510 4134 decimandos:
543 4082 622 4133 non
647 4075 754 4136 terrae
776 4056 925 4137 fruetus
957 4053 1129 4151 tantum,
1159 4056 1222 4138 sed
1250 4075 1288 4136 et

141 4167 258 4245 maris
279 4164 417 4246 fluctus
435 4166 504 4246 fibi
521 4163 688 4247 habeant
703 4168 956 4249 decumanos.
1007 4168 1141 4248 Iidem
1160 4166 1288 4280 primo

142 4276 291 4357 bellum
308 4278 515 4358 suadebant
531 4280 568 4357 in
590 4280 760 4387 Regem,
776 4301 820 4361 ut
840 4283 881 4360 in
901 4280 1055 4360 hostem
1075 4283 1203 4363 exitio
1220 4283 1286 4362 de·

138 4411 302 4469 votum-z
335 4418 430 4470 mox
450 4410 565 4500 capto
594 4388 711 4487 hosti,
736 4413 774 4474 et
798 4393 1001 4503 imputata
1026 4388 1049 4474 ὲ
1077 4392 1285 4504 semetipsis
