2888 5204
146 195 226 277 270
425 157 516 248 Pro
542 151 727 288 Populo
752 149 1022 283 Anglicano

201 329 245 414 Ei
262 325 299 410 le
319 365 374 411 κεν
391 325 505 412 oiuad'
524 325 654 439 ἵκωμαι
670 329 771 430 φίλην
790 327 823 421 ἔς
841 325 999 436 πατρίδα
1015 345 1138 433 γαῖαν,

193 438 338 635 {latei
351 478 409 551 μοι
430 436 528 532 unior
546 438 662 523 ἔσθλὸν
678 436 737 525 iel
755 437 845 550 dupio
863 436 900 523 li
917 476 978 552 μοι
994 438 1081 525 aiolo

240 588 381 635 ooerao.

311 676 428 756 Iliad.
454 703 518 756 10.

202 810 491 921 Dupliciofoto
510 811 643 894 duem
660 812 715 894 od
726 813 1009 921 mortisfioem:

202 924 250 1004 Si
264 925 323 1003 lic
341 953 490 1005 monens
507 925 611 1006 circo
632 920 771 1005 Troum
789 924 917 1006 urbem
926 942 1165 1034 pugnavero,

201 1035 413 1117 Amittitur
425 1036 520 1117 mihi
533 1036 675 1118 reditus
687 1066 701 1116 .·
708 1035 785 1143 sed
794 1037 927 1117 Gloria
941 1036 1161 1117 immortale}
1176 1035 1251 1116 oroi.

203 1149 251 1229 Si
263 1146 403 1228 domum
421 1166 594 1229 revertor
611 1146 717 1229 dulce
733 1147 788 1229 od
802 1147 1127 1255 Patriumsoluoo‚

202 1259 414 1341 Amittitur
430 1260 524 1340 mihi
541 1260 673 1341 Gloria
682 1261 838 1371 pulcro,
844 1259 921 1367 sed
933 1259 1119 1341 diuturno
1134 1258 1218 1341 urio

198 1372 304 1452 Erit.

151 1632 155 1637 .
202 1559 321 1638 Unde
338 1557 388 1639 lic
400 1586 561 1640 mecum
575 1558 820 1669 reputabam,
835 1557 979 1639 multos
993 1559 1176 1666 graviore
1189 1556 1276 1639 mah

147 1671 278 1751 minus
297 1670 463 1764 bonum,
484 1689 612 1751 morte
630 1670 813 1778 gloriam,
827 1670 1053 1767 redemiffe3
1080 1666 1188 1751 mihi
1201 1694 1277 1751 ooo.

147 1778 206 1863 tri
224 1781 349 1888 majus
361 1781 511 1863 bonum
523 1783 676 1863 minore
690 1810 785 1863 cum
801 1782 907 1862 malo
921 1782 1120 1893 proponi:
1144 1800 1193 1863 ut
1207 1778 1278 1892 pos·

145 1893 228 1975 sem
238 1921 333 1975 cum
344 1895 515 1975 caecitate
528 1893 607 1974 sola
617 1894 681 1975 vel
693 1893 1005 1975 honestiffimum
1016 1893 1145 1975 officii
1153 1916 1279 1975 munet

145 2006 337 2116 implere3
362 2006 470 2115 quod
490 2024 535 2087 ut
551 2005 635 2116 ipsa
656 2006 783 2113 gloria
801 2034 872 2115 per
890 2004 928 2087 se
947 2005 1004 2087 est
1027 2002 1206 2105 solidiue,
1235 2000 1278 2087 id

146 2118 292 2227 cuique
307 2119 480 2228 optatius
498 2135 617 2225 atque
631 2117 830 2226 antiquius
844 2117 962 2199 debet
979 2115 1071 2197 elle.
1101 2117 1278 2227 Haecigi·

146 2248 211 2310 tur
231 2250 313 2311 tam
332 2230 441 2310 brevi
458 2230 658 2309 luminum
677 2229 806 2323 usura,
826 2249 972 2338 quanta
987 2229 1170 2311 maxima
1187 2224 1279 2339 quiri

146 2369 241 2422 cum
261 2342 430 2422 utilitate
453 2340 627 2451 publica,
653 2341 786 2449 quoad
804 2341 954 2436 liceret,
985 2338 1203 2423 fruendum
1217 2338 1277 2423 ele

148 2452 277 2533 statui.
336 2454 490 2533 Videtis
506 2453 603 2562 quid
616 2453 869 2563 praetulerim,
881 2453 978 2561 quid
991 2451 1208 2549 amiserim,
1217 2477 1279 2562 qna

147 2565 329 2644 inductus
352 2565 525 2645 ratione:
556 2565 729 2645 desinant
750 2591 845 2672 ergo
863 2563 1109 2671 judiciorum
1128 2566 1210 2646 Dei
1227 2591 1279 2647 α·

148 2675 401 2757 lumniatores
425 2676 675 2770 maledicere,
702 2672 830 2785 deque
855 2705 920 2758 me
944 2675 1096 2757 somnia
1123 2677 1195 2757 sibi
1218 2675 1279 2757 fio·

148 2814 264 2895 gere3
296 2787 346 2867 sic
377 2788 547 2897 denique
578 2787 774 2883 habento;
806 2816 871 2869 me
900 2786 1009 2869 sortis
1043 2816 1144 2869 mere
1168 2812 1279 2898 neque

147 2901 283 3009 pigere
296 2928 424 3008 neque
436 2900 648 3009 poenitere;
664 2902 879 2980 immotum
890 2919 1008 3009 atque
1020 2900 1150 2981 fixum
1160 2899 1279 2982 insen

150 3013 270 3093 tentia
289 3011 456 3121 perstare
468 3040 479 3103 ;
505 3012 643 3092 Deum
668 3014 813 3092 iratum
836 3038 966 3120 neque
984 3011 1142 3108 sentire,
1168 3036 1280 3122 neque

148 3122 308 3218 habere,
334 3121 462 3203 immo
481 3123 667 3204 maximis
686 3124 727 3203 in
747 3122 861 3204 rebus
879 3124 1137 3206 clementiam
1154 3125 1280 3232 ejuoet

148 3235 435 3343 benignitatem
457 3261 550 3343 erga
573 3262 639 3315 me
662 3253 864 3345 paternam
888 3235 1061 3344 experiri
1081 3254 1204 3346 atque
1224 3261 1281 3343 ag·

148 3348 330 3429 noscere:
361 3348 403 3425 in
428 3345 505 3427 hoc
524 3347 750 3456 praesertim,
772 3347 880 3454 quod
903 3345 1049 3427 solante
1074 3346 1162 3458 ipso
1179 3367 1281 3456 atque

146 3461 328 3539 animum
340 3457 597 3539 confirmante
611 3460 653 3538 in
667 3456 748 3563 ejus
761 3458 894 3538 divina
907 3458 1106 3540 voluntate
1119 3455 1281 3569 acquies-

148 3597 262 3651 cam:
293 3571 391 3678 quid
410 3570 442 3649 is
461 3569 623 3678 largitus
643 3567 747 3649 mihi
763 3569 823 3663 sit,
839 3565 961 3678 quam
974 3571 1073 3679 quid
1092 3569 1282 3680 negaverit

150 3680 284 3791 saepius
303 3682 504 3788 cogitans:
525 3678 732 3871 postremi>
747 3680 853 3762 nolle
872 3709 938 3761 me
956 3709 1053 3763 cum
1070 3680 1142 3764 suo
1157 3680 1284 3793 quovit

149 3790 355 3872 redtiffime
379 3791 497 3886 fact0,

149 3922 216 3983 aut
242 3903 552 3983 recordationem
583 3902 665 4010 ejus
693 3922 846 4012 gratam
871 3902 975 3985 mihi
1000 3905 1158 4015 semper
1179 3927 1284 4017 atque

148 4014 402 4124 tranquillam
416 4014 625 4124 deponere.
684 4016 750 4095 Ad
766 4017 982 4097 caecitatem
996 4018 1170 4127 denique
1189 4016 1284 4129 quod

147 4128 298 4220 attinet,
320 4125 436 4206 malle
453 4154 532 4221 me,
552 4128 579 4208 li
598 4126 744 4206 necesse
761 4127 832 4222 est,
849 4156 995 4222 meam,
1016 4126 1140 4237 quim
1155 4132 1217 4213 vel
1232 4129 1285 4209 su·

147 4268 227 4333 am,
241 4240 376 4333 More,
390 4239 452 4317 vel
469 4257 592 4319 tuam.
651 4238 790 4318 Vestra
809 4240 900 4319 imis
913 4240 1083 4321 sensibus
1097 4240 1284 4332 immersa,

146 4352 291 4460 nequid
307 4350 385 4430 sani
398 4351 560 4433 videatis
573 4370 641 4432 aut
656 4351 783 4447 solidi,
798 4372 976 4434 mentem
987 4352 1181 4438 obcaecat:
1195 4381 1285 4445 mea,

543 3793 618 3873 acti
643 3793 725 3873 mei
751 3791 1028 3874 conscientiam
1055 3815 1283 3903 permutare,
