2888 5204
14 35 1334 407 u

161 594 241 700 366
403 577 630 678 Authoris
655 616 741 714 pro
764 578 809 679 se
835 572 1064 677 Defenfio

158 754 359 863 Equidem
375 782 453 835 non
468 757 509 835 in
524 783 573 836 eo
584 755 789 894 positam’
763 776 1010 862 απεφικαλιαι
1020 752 1289 835 existimabam

159 867 227 945 Tu
243 866 370 947 lautus
385 864 509 947 horno
521 868 592 947 ista
607 865 776 948 melibs:
797 866 913 947 doleo
927 894 1006 947 non
1020 866 1111 948 satis
1122 865 1291 976 perpensa

160 1005 266 1057 ame
286 978 407 1058 officii
430 999 633 1059 momenta
658 980 700 1059 in
723 999 761 1059 te
784 979 880 1059 mei.
938 981 998 1058 At
1017 980 1192 1086 graviter
1215 1004 1292 1089 pec-

157 1108 290 1168 catum
314 1090 391 1169 est:
424 1109 509 1170 turn
534 1093 643 1170 enim
670 1091 770 1171 leeris
794 1089 1015 1171 clamoribus
1040 1090 1204 1199 nostram
1226 1089 1293 1196 ues-

156 1198 329 1309 trumque
351 1202 424 1281 cael
419 1230 480 1282 rem
502 1201 729 1309 consonabat.
791 1204 914 1314 Quali
933 1200 1027 1283 verb
1048 1222 1088 1282 te
1111 1201 1295 1282 ardelioue

155 1331 196 1391 et
222 1313 459 1393 incendiario
485 1312 585 1393 bene
614 1314 797 1409 multato,
828 1341 907 1393 non
936 1313 1067 1395 multo
1096 1311 1222 1395 laetius
1247 1313 1295 1392 illi

44 1494 51 1507 .
156 1423 267 1529 ignes
283 1424 437 1532 pacifici
457 1445 497 1505 et
517 1425 675 1506 sociales
695 1427 936 1506 relucerent:
963 1425 1073 1534 quafi
1089 1426 1214 1505 etiam
1227 1424 1296 1531 ves·

154 1551 258 1614 trum
276 1535 502 1646 nostrumque
520 1538 649 1618 calum
665 1536 798 1617 faustis
818 1539 1057 1618 clamoribus
1077 1564 1160 1618 non
1180 1535 1296 1619 multb

156 1644 279 1726 laetilrs
299 1647 507 1743 consonet;
498 1677 622 1729 ·cum
645 1648 832 1728 infaustus
848 1669 887 1729 et
904 1648 1061 1729 feralis
1048 1650 1296 1729 mimicorum

154 1758 304 1838 clamor
332 1759 619 1869 compescitur.
651 1761 759 1868 quod
788 1781 830 1841 tu
861 1762 993 1871 itaque
1022 1760 1294 1840 alieniffimum

154 1888 325 1979 tempus,
358 1872 398 1950 id
427 1899 503 1979 ego
534 1872 908 1982 opportuniffimum
938 1871 1049 1953 fuiffe
1083 1871 1294 1952 contendo:

155 2007 227 2060 nec
246 1981 469 2092 obstrepuiffl
488 2011 567 2079 me,
587 1984 748 2093 quod
715 2011 783 2077 ars,
805 1984 922 2065 Pacis
939 1982 1130 2077 articulis,
1156 1983 1222 2063 sed
1239 2010 1294 2063 ac·

153 2092 330 2173 clamaffe
347 2113 387 2173 et
401 2095 589 2225 plausrlle.
649 2094 852 2175 Postremo
872 2115 912 2176 et
930 2124 995 2175 me
1014 2093 1203 2204 prorsus
1191 2122 1293 2203 igno-

153 2231 225 2296 ras,
266 2222 307 2284 et
343 2205 502 2287 tibimet
538 2209 638 2287 intra
676 2234 821 2317 paucos
854 2207 1060 2287 verficulos
1096 2203 1293 2286 manifestb

154 2317 324 2395 mendax
344 2317 661 2428 deprehenderis
720 2318 804 2397 Abs
821 2336 871 2416 te,
898 2319 1042 2426 inquis,
1088 2346 1133 2397 uo
1146 2316 1294 2426 fitium

137 2427 196 2531 stt
222 2429 341 2508 antino
366 2459 436 2509 non
463 2431 715 2539 interpretor:
747 2431 801 2509 Et
826 2430 971 2524 statim,
1006 2347 1115 2538 qugd
1140 2428 1295 2539 deposttis

151 2540 280 2634 armis,
300 2540 461 2621 animum
479 2543 658 2622 retineres
675 2560 875 2621 armatum
936 2542 1094 2621 Mirum
1118 2543 1161 2620 ni
1184 2568 1234 2620 ex
1251 2567 1291 2619 eo

152 2650 256 2730 bello
282 2653 473 2760 quaestum
499 2650 591 2747 feci,
620 2672 687 2733 aut
707 2653 946 2763 stipendium
970 2653 1130 2761 aliquod
1151 2651 1291 2742 navale,

152 2791 222 2868 qur
212 2762 385 2843 'factam
402 2792 541 2873 pacem
556 2766 675 2871 usque
692 2762 741 2844 eb
756 2764 919 2845 moleste
938 2765 1112 2845 tulerim
1152 2765 1290 2844 Dicam

150 2875 271 2979 igitur
295 2876 400 2982 quod
421 2905 486 2955 me
507 2877 635 2956 dicere
657 2903 782 2983 neque
803 2877 931 2956 ullum
951 2875 1202 2985 obsequium,
1227 2903 1288 2954 ne-

149 3012 226 3091 que
247 2988 443 3067 neceffitas
455 2991 575 3095 cogit.
622 2986 785 3067 Falleris
804 3008 846 3067 tu
862 2989 1025 3096 quidem
1041 2985 1288 3097 magnopere,

151 3097 177 3172 fi
204 3124 431 3206 quenquam
462 3100 536 3179 elle
566 3101 793 3228 Anglorum
822 3120 949 3208 putas,
977 3101 1047 3208 qui
1082 3098 1288 3179 Foederatis

151 3209 367 3289 Provinciis
382 3238 447 3289 me
467 3214 547 3290 uno
562 3211 606 3290 s1t
619 3212 796 3304 amicior,
813 3231 880 3290 aut
892 3212 1093 3292 voluntate
1108 3212 1288 3318 conjunc·

150 3321 248 3414 tior3
274 3350 343 3429 qur
333 3318 583 3431 praeclariirs
603 3323 651 3401 de
672 3322 846 3452 Republ.
865 3324 932 3402 illa
952 3323 1113 3418 sentiam
1138 3325 1211 3431 qui
1229 3349 1289 3401 eo·

147 3460 238 3511 rum
278 3434 522 3527 industriam,
565 3453 679 3527 artes,
714 3435 936 3540 ingenium,
964 3435 1189 3515 libertatem
1230 3450 1290 3513 aut

149 3544 274 3651 pluris
299 3543 431 3639 faciat,
458 3565 526 3625 aut
551 3542 685 3681 saepiirs
713 3545 933 3640 collaudet,
961 3547 1032 3653 qui
1055 3545 1245 3626 bellum
1234 3572 1288 3624 ιιι-

149 3675 326 3764 coeptum
345 3686 439 3737 cum
460 3658 507 3736 iis
526 3653 659 3737 minus
678 3659 861 3751 voluerit,
860 3657 1104 3786 'susceptum
1122 3651 1289 3782 pacatius

146 3767 603 3877 gefferit,compos1tum
637 3767 735 3848 scrib
763 3771 888 3877 magis
916 3768 1195 3905 triumpharit;
1225 3766 1287 3875 qui

146 3879 315 3986 denique
335 3880 658 3961 obtrectatoribus
684 3908 821 3960 eorum
854 3877 986 3961 minus
1013 3908 1191 3989 unquam
1214 3906 1288 3958 cre·

147 3989 303 4069 diderit
365 3992 483 4071 Unde
504 4012 546 4071 tu
563 3993 743 4071 nullam
733 4020 774 4069 ιιι
790 4019 855 4071 me
875 3993 1116 4072 calumniam
1132 3991 1287 4071 menda-

145 4103 294 4180 ciorem
322 4123 389 4181 aut
420 4100 551 4182 minus
583 4123 868 4211 congruentem
902 4105 1088 4209 affingere
1115 4102 1285 4212 potuisti.

145 4214 201 4290 At
213 4213 316 4291 illum
334 4244 459 4293 reram
471 4213 654 4295 cardrnem
663 4232 873 4321 aucupatus
891 4213 1105 4323 efferrideor,
1119 4234 1164 4293 ut
1178 4211 1287 4325 prod·

144 4323 314 4403 euntibus
337 4324 475 4405 demum
497 4327 671 4405 articulis
688 4327 796 4435 pacis
817 4326 1065 4454 obstreperent
1124 4328 1196 4406 Tu
1224 4326 1288 4406 sci-

146 4436 238 4515 licet
262 4438 378 4517 cardo
406 4466 564 4530 rerum;
600 4440 640 4516 in
674 4457 711 4517 te
740 4439 846 4546 pacis
878 4439 1033 4517 articuli
1059 4458 1290 4529 vertuntur;

145 4546 501 4657 huncsrattingas,
525 4553 657 4629 actum
679 4551 727 4629 de
752 4550 935 4657 paceest
994 4552 1051 4629 At
1072 4577 1198 4656 quem
1223 4550 1290 4630 ho·

145 4662 327 4739 minem?
356 4689 437 4768 quo
462 4662 658 4740 numero?
688 4663 817 4740 civem
842 4662 959 4740 credo
979 4663 1206 4769 egregium,
1229 4665 1294 4743 Se·

140 4792 317 4853 natorem
336 4775 585 4883 primarium,
613 4793 891 4853 ornamentum
917 4773 1058 4853 curiae:
1089 4774 1225 4858 immb
1251 4803 1296 4856 ne
