2888 5204
616 118 812 209 Ledlori.
1209 158 1288 237 237

154 286 288 370 humus
301 291 416 383 liber,
431 290 644 370 Miltonius
661 293 798 370 sentiet
814 311 989 369 mortuos
1008 319 1165 398 quoque
1183 321 1291 370 mor-

155 402 245 481 dere.
305 403 547 483 Particulam
575 404 657 510 ejus
683 402 784 482 mihi
816 405 948 482 videre
979 404 1158 509 contigit.
1219 406 1291 482 Dii

156 511 258 595 boni!
288 513 411 624 quam
436 517 549 623 niger
575 517 632 596 est
650 516 878 608 Miltonius,
908 516 935 594 fi
962 514 1058 594 fides
1079 517 1291 596 Salmafio?

160 625 390 737 Magnopere
406 625 535 721 fallor,
548 647 617 707 aut
630 628 773 736 aliquis
790 627 976 707 revelavit
989 628 1180 707 Miltonio
1195 656 1292 708 con-

160 738 235 817 titia
248 768 335 848 quae
355 740 560 820 Salmasrus
581 742 622 818 in
642 769 735 818 eum
753 759 924 848 torquet,
942 767 1034 818 nam
1053 740 1192 819 eadem
1212 739 1294 820 fere

164 846 230 930 lunt
242 880 328 959 quae
347 853 517 960 reperies
537 853 578 930 in
595 850 673 932 hoc
689 852 824 932 libello
838 852 942 958 jadba
955 871 1092 932 contra
1108 854 1293 946 Morum,

165 978 197 1039 ut
210 961 271 1042 illa
291 992 419 1072 quum
439 966 734 1074 imprimentur,
755 965 838 1042 vim
862 988 902 1043 et
922 964 1074 1073 pondus
1094 966 1292 1059 amittant,

166 1074 248 1178 quali
266 1078 585 1157 recriminatoria.
647 1079 736 1184 Ego
756 1077 869 1156 Mori
897 1078 1079 1156 notitiam
1107 1074 1228 1156 habui
1253 1097 1293 1156 et

168 1183 313 1268 Genevae
332 1191 427 1269 etin
442 1189 581 1296 Belgio
596 1219 606 1282 ;
629 1188 782 1298 semper
799 1215 960 1295 magnas
980 1190 1206 1268 inimicitias
1222 1217 1293 1267 ex-

86 1310 88 1315 '
169 1301 268 1380 ercuit
277 1329 372 1381 cum
385 1302 525 1381 invidis
538 1319 605 1380 aut
616 1302 781 1395 aemuliS,
794 1301 937 1409 quibus
956 1299 1034 1410 ipse
1052 1301 1185 1380 locum
1198 1300 1293 1409 saepe

133 1422 136 1435 ²
169 1411 310 1514 prebuit
335 1413 473 1493 natura
500 1413 787 1523 promptiffimd
815 1433 856 1493 et
882 1414 1006 1493 nimirl
1032 1413 1210 1492 libertate
1239 1413 1295 1492 lo·

168 1526 304 1626 quendi.
367 1526 471 1605 Item
490 1528 680 1633 quoniam
699 1527 819 1605 nimis
839 1524 915 1605 alte
938 1523 1076 1605 habuit
1101 1525 1228 1605 fixum
1252 1527 1294 1604 in

167 1636 277 1717 animo
304 1638 405 1717 illud
425 1634 485 1719 Arl
510 1639 707 1746 ἀριστευειν,
737 1639 905 1717 memini
934 1666 999 1717 me
1029 1637 1213 1718 audiviffe
1235 1640 1292 1717 D.

167 1742 435 1855 spanhemium
463 1750 537 1858 piae
560 1750 776 1842 memoriae,
805 1745 907 1829 nihil
938 1753 978 1829 in
1006 1778 1053 1829 eo
1081 1749 1293 1860 reprehen-

165 1854 302 1941 dentem
323 1859 443 1969 qudm
463 1861 572 1970 qubd
592 1862 685 1941 elset
704 1862 850 1956 Altier,
871 1882 915 1942 ut
930 1862 1038 1941 Galli
1054 1863 1205 1957 dicunt,
1217 1860 1295 1941 hoc

164 1968 205 2051 est
220 1972 432 2068 confidens,
453 1975 561 2083 quod
581 2002 657 2082 ego
682 2002 760 2053 non
786 1974 943 2054 excuso.
1004 1971 1182 2052 Tantlrm
1207 2002 1294 2081 quae

162 2076 358 2167 Miltonius
378 2087 419 2164 in
438 2114 486 2165 eo
506 2106 616 2167 notat
638 2088 820 2179 crimina,
846 2086 960 2166 doleo
981 2087 1020 2164 in
1042 2084 1170 2193 ipsum
1196 2113 1293 2165 con-

154 2186 254 2295 jecta,
280 2197 375 2305 quia
399 2196 594 2279 falfillima
619 2198 693 2277 else
720 2219 827 2279 certo
859 2200 1002 2278 certior
1027 2197 1118 2276 scio.
1178 2198 1295 2277 Felix

114 2370 117 2375 .
157 2302 351 2416 ingenium
376 2309 446 2388 nifi
471 2309 676 2390 crabrones
705 2309 883 2390 irritaffet
916 2338 1014 2417 quos
1038 2309 1175 2389 debuit
1198 2338 1295 2389 con-

156 2434 333 2515 temnere,
354 2422 717 2531 contempfilsetque
743 2424 912 2531 impares
936 2450 1034 2529 quos
1059 2449 1136 2502 non
1158 2422 1295 2502 debuit

153 2528 307 2613 irritare.
367 2534 462 2613 Hoc
481 2560 556 2641 ego
576 2562 626 2614 ex
643 2534 818 2614 Salmasri
837 2562 904 2613 ore
925 2532 1066 2627 habeo,
1080 2536 1235 2615 nullum
1257 2534 1294 2614 se

151 2644 366 2754 cognoviffe
394 2644 629 2726 nobiliorem
653 2648 816 2754 genium
842 2665 910 2726 aut
936 2647 1181 2754 capaciorem
1206 2676 1295 2726 om-

86 2824 91 2839 .
148 2758 260 2839 nium
280 2785 428 2849 rerum,
449 2757 592 2865 quibus
612 2757 649 2837 se
669 2758 898 2868 applicaret,
916 2758 943 2836 fi
964 2757 1105 2839 laboris
1127 2760 1295 2839 toleran-

149 2870 222 2949 tior
241 2867 386 2963 fuiffet,
410 2870 517 2977 quod
538 2872 579 2949 in
599 2899 647 2950 eo
666 2870 917 2963 defiderabat,
944 2889 1046 2949 utet
1066 2870 1173 2978 qubd
1193 2869 1295 2952 falfis

145 2980 283 3061 amicis
300 2982 491 3063 crederet.
551 2983 676 3090 quue
696 2981 865 3074 dicebat,
893 3011 1017 3090 quum
1044 2982 1091 3061 lis
1118 2982 1185 3061 illa
1209 3010 1295 3062 ma-

144 3093 383 3185 trimonialis
409 3094 703 3189 contestaretur,
733 3114 773 3174 et
798 3093 964 3173 addebat
992 3095 1161 3174 Morum
1189 3093 1295 3174 varid

143 3204 273 3287 laefiffe
293 3232 460 3286 uxorem
479 3204 603 3301 suam,
633 3206 669 3285 se
696 3227 828 3287 autem
853 3207 957 3286 nolle
978 3205 1139 3314 perdere
1160 3205 1211 3284 ob
1232 3209 1295 3315 ip-

144 3316 233 3399 sum
250 3318 428 3429 quietem
447 3319 718 3400 domesticam.
780 3316 977 3398 Caeterlrm
999 3338 1135 3427 prater
1157 3318 1296 3399 incon-

108 3442 111 3447 '
142 3429 420 3511 fiderationem
432 3430 637 3539 indignam
654 3429 816 3510 homine
831 3431 898 3509 tali
911 3431 1101 3537 dignitate
1118 3433 1295 3539 praedito,

141 3536 278 3625 ullum
291 3542 366 3623 else
382 3540 447 3622 htc
460 3545 613 3624 crimen
629 3545 765 3624 Mori:
787 3541 886 3636 imb,
899 3543 1044 3650 inquit,
1057 3542 1182 3651 fiquid
1199 3548 1296 3625 Mo-

141 3682 213 3737 rus
233 3655 275 3735 in
293 3654 340 3734 ed
358 3682 399 3733 re
412 3657 604 3764 peccavit,
620 3683 695 3762 ego
712 3655 798 3735 sum
814 3655 904 3735 leno
921 3674 960 3734 et
975 3683 1076 3734 uxor
1091 3683 1180 3736 mea
1194 3658 1295 3737 lena.

143 3772 253 3881 Qae
270 3792 347 3874 ego
367 3768 533 3847 totidem
552 3767 680 3848 verbis
700 3768 748 3847 ab
767 3795 816 3846 eo
835 3767 985 3874 accepi,
1001 3785 1041 3846 et
1060 3767 1191 3876 postea
1212 3798 1298 3849 cer-

144 3880 228 3961 tior
245 3877 371 3960 fastus
389 3877 476 3960 sum
495 3880 603 3961 idem
620 3881 785 3961 omnino
805 3907 855 3959 ex
876 3879 993 3987 ipfius
1014 3907 1080 3958 ore
1096 3882 1297 3974 audivilse,

141 4011 189 4073 et
214 3991 313 4071 alios
339 4009 379 4070 et
399 3991 642 4101 Spilliardum
670 3993 988 4073 concionatorem
1010 3990 1298 4073 Gorenchomii

140 4104 281 4187 virum
301 4103 647 4210 Spectatiffimum,
668 4107 721 4185 ita
742 4125 786 4185 ut
811 4107 852 4183 in
876 4133 942 4184 ore
967 4103 1137 4182 duorum
1163 4103 1299 4184 saltem

142 4214 313 4298 testium
331 4216 485 4297 Veritas
506 4215 620 4298 firma
643 4217 701 4298 fit.
763 4222 864 4328 Qae
887 4215 1018 4325 postea
1044 4216 1297 4323 contigerint,

143 4330 305 4438 ignoro.
364 4329 465 4409 Haee
485 4328 602 4411 testor
620 4358 753 4411 coram
775 4332 881 4423 Deo,
907 4330 960 4407 ita
979 4326 1015 4406 se
1035 4325 1194 4423 habere,
1215 4329 1298 4409 vel-
