2888 5204
140 177 220 277 264
422 165 512 255 Pro
539 157 722 293 Populo
750 156 1024 290 Anglicano

142 366 207 416 me
221 338 417 445 impetum
430 355 539 444 parat
551 332 869 415 minitabundus:
901 333 993 443 Post
1010 332 1095 414 haec
1104 328 1263 442 proau'r,
1308 334 1321 406 i

141 447 269 529 tubam
303 447 506 529 terribilem
541 445 688 557 irrflabit
718 446 736 527 ὃ
764 443 955 556 θοωμᾶωος
984 443 1054 525 ille
1084 440 1266 549 Sahafitt·
1309 470 1321 549 t

144 559 420 640 salubritatem
436 559 610 669 praedicis
625 578 665 639 et
678 574 891 639 concentus
905 556 1055 637 mutici
1067 580 1270 662 novumge·

143 698 217 750 nus
232 669 434 751 futurum:
456 670 519 750 isti
533 671 641 751 enim
656 669 759 750 tubae
770 668 953 763 terribili,
967 694 1073 750 cum
1086 664 1272 757 inflabitur,

144 783 252 862 nulla
275 783 403 893 aptior
426 783 640 890 excogitari
667 778 899 891 symphonia
923 780 1095 891 poterit,
1120 772 1274 887 qubmi

145 893 297 974 affatim
322 894 555 1004 oppedetur.
616 895 793 973 Buccam
818 890 912 973 verb
941 891 1160 975 Salmafius
1182 886 1275 971 nbu'r

145 1004 322 1085 inflatam
336 1033 385 1085 ne
398 1006 534 1103 afferat
550 1033 708 1099 moneo,
720 1002 802 1112 qub
813 1004 921 1085 enim
931 1004 1118 1087 attulerit
1129 1000 1276 1087 infletis-

147 1144 247 1213 rem,
281 1116 329 1199 eb
357 1117 459 1198 mihi
489 1118 619 1210 crede,
652 1116 978 1227 opportuniorem
1008 1115 1065 1196 ad
1097 1112 1199 1197 Cola
1316 1118 1320 1131 '

146 1228 357 1338 praebebit;
388 1230 458 1339 qui
483 1227 875 1311 thaumasiiSalmafii
890 1224 1174 1336 rhythmicum
1217 1248 1276 1311 nst

147 1340 300 1436 sonum,
317 1369 397 1450 quo
417 1340 633 1435 delectaris,
649 1339 782 1422 buccis
801 1338 991 1421 ambabus
1010 1337 1275 1427 resonantibfl·

146 1451 355 1533 numerose
371 1452 547 1532 reddent.
580 1453 716 1558 Pergis
728 1452 932 1532 cornicari.
989 1450 1076 1561 Qui
1089 1478 1158 1533 erec
1167 1466 1276 1560 pam

146 1563 420 1671 necsecundum
430 1563 554 1657 habet,
566 1563 605 1644 in
618 1561 786 1671 universo
798 1563 995 1645 literarum
1006 1561 1276 1669 etscr'entt'am

145 1675 243 1755 orbe.
304 1675 485 1755 Vestram
505 1674 647 1755 fidem!
679 1675 851 1771 Eruditi,
869 1693 1070 1784 quotquot
1089 1673 1196 1767 estis,
1212 1668 1276 1751 ves

148 1804 250 1866 tram
271 1784 421 1866 fidem?
456 1788 609 1868 Siccine
629 1787 739 1867 vobis
758 1788 941 1867 omnibus
957 1784 1148 1867 anteferri
1168 1781 1276 1865 Cimi-

147 1927 237 1978 cem
257 1898 593 1993 Grammaticum,
621 1899 732 2005 cujus
756 1927 816 1979 res
842 1918 959 2006 atque
987 1898 1072 2008 spes
1096 1897 1224 1979 omnis
1247 1894 1276 1973 in

147 2010 327 2117 glossario
348 2012 597 2092 vertebatur?
617 2038 738 2120 quem
751 2009 814 2090 vel
832 2029 1060 2091 extremum
1072 2006 1276 2091 meritboc·

147 2143 267 2230 cupet
298 2122 456 2217 scabies,
481 2122 626 2203 ficum
651 2124 744 2204 viris
769 2121 859 2202 vere
884 2123 1007 2203 doctis
1030 2138 1276 2230 comparetur.

145 2235 244 2313 Haec
258 2253 406 2330 autem,
423 2235 493 2314 nis1
508 2235 556 2315 ab
576 2234 714 2316 infimo
730 2235 920 2351 quopiam
932 2253 972 2314 et
992 2231 1277 2315 infraVlaccum

148 2343 277 2454 ipsum
289 2347 460 2427 vaecorde
476 2347 662 2427 affirmari
678 2366 759 2427 tam
771 2344 876 2427 fatue
892 2346 1170 2455 nequiverunt.
1199 2341 1277 2450 Qi-

148 2485 218 2564 que
224 2457 311 2563 jum
317 2457 537 2568 stupendam
548 2477 586 2539 et
598 2458 780 2567 infinitam
793 2458 1028 2539 eruditionem
1040 2455 1278 2568 calestijmc·

147 2586 226 2648 tam
263 2570 404 2676 ingenio
439 2571 493 2651 ad
517 2570 663 2675 catescrm
693 2590 771 2651 tuae
801 2569 1001 2678 majestatis
1024 2569 1196 2652 contulit.
1246 2563 1278 2643 si

150 2681 384 2762 meministis
398 2682 504 2791 quod
520 2682 632 2792 supra
646 2683 812 2776 narravi,
829 2682 958 2792 ipsum
974 2682 1220 2773 Salmafium,
1233 2695 1280 2757 at·

151 2792 276 2872 tulisse
295 2792 397 2873 hanc
414 2795 620 2904 epistolam
638 2823 733 2874 cum
749 2794 849 2875 libro
864 2794 1156 2888 excudendam,
1167 2792 1228 2873 vel
1241 2788 1280 2869 ab

151 2903 235 3013 ipso
268 2906 338 2984 scri
370 2926 466 3000 tam,
490 2905 554 2984 vel
577 2906 626 2986 ab
649 2934 846 3014 anonymo
872 2906 1027 3015 quovis,
1053 2926 1282 3012 vernamque

151 2934 445 3126 typograplium
468 3018 654 3111 exorasse,
680 3036 725 3097 ut
749 3019 856 3126 quod
881 3017 1024 3099 author
1049 3016 1192 3115 nollet,
1216 3011 1284 3125 ipse

152 3127 265 3208 suum
286 3156 429 3209 nomen
450 3129 696 3224 abscriberet,
708 3130 948 3237 cognoscetis
967 3128 1149 3238 prosectb
1168 3124 1287 3239 pufilli

150 3241 330 3334 omnino,
343 3259 383 3320 et
394 3240 637 3347 abjectissimi
648 3240 855 3321 hominem
866 3242 1013 3350 ingenii
1026 3240 1103 3322 suis
1116 3240 1288 3321 laudibus

152 3370 233 3431 tam
247 3350 384 3432 misere
396 3353 719 3448 velificantem,et
729 3353 919 3433 immensa
929 3352 1111 3434 encomia
1122 3372 1206 3433 tam
1220 3352 1289 3432 sto-

149 3462 221 3543 lidi
232 3465 441 3544 laudatoris
455 3483 731 3574 aucupantem.
766 3462 1291 3573 Opusaeternumftustrelsrr·

147 3574 367 3679 gilluntibus
379 3576 574 3670 nonnullis,
577 3574 838 3683 juriscoefirlti
848 3576 986 3657 mirari
983 3575 1087 3683 stetis
1096 3592 1292 3685 nequeunt,

149 3683 247 3792 quid
256 3687 353 3767 homo
368 3688 501 3767 Gallus
516 3687 701 3795 itastrbr'tl
716 3717 776 3768 res
786 3687 986 3796 Anglirus,
1005 3690 1115 3795 leges,
1131 3688 1294 3781 decertet

149 3796 401 3903 instrumenta,
412 3799 468 3878 ita
482 3817 620 3892 teneat,
631 3799 768 3894 enodet,
777 3818 849 3881 etc.
895 3801 1029 3880 Immo
1043 3797 1169 3908 qulam
1184 3802 1295 3909 inep-

150 3909 256 3988 tierit
267 3910 309 3987 in
322 3909 460 3989 nostris
473 3909 626 4016 legibus
639 3931 679 3991 et
689 3912 871 4020 psittacus
886 3909 1165 4006 fuerit,nostris
1174 3914 1295 3991 etiam

144 4019 426 4126 jurisconsultis
452 4022 612 4102 testibus
636 4021 790 4104 abunde
815 4022 1069 4103 ostendimus.
1130 4023 1210 4105 Sed
1229 4020 1298 4134 ipse

147 4164 229 4214 mox
243 4133 382 4226 altera,
398 4161 508 4242 quam
526 4133 564 4213 r'n
584 4134 748 4215 Rebelles
765 4135 930 4230 molitur,
944 4134 1301 4246 imprffone,fimal

149 4243 333 4327 Theatrum
345 4274 411 4326 ora
425 4246 649 4356 comprimet,
655 4247 777 4352 stmul
787 4248 989 4329 Miltonum
1002 4246 1105 4328 nobis
1113 4264 1188 4355 pro
1198 4277 1240 4326 eo
1250 4276 1297 4328 ac

145 4379 307 4440 meretur
324 4358 605 4468 concastigatum
624 4359 741 4440 dabit.
800 4361 869 4440 Tu
889 4361 1011 4468 igitur
1027 4379 1073 4440 ut
1083 4360 1295 4469 pisciculus
