2888 5204
486 557 712 660 Defenfio
737 562 966 661 Secunda.
1221 577 1302 685 289

147 734 279 832 ferre3
304 737 566 846 interrogatus
581 737 630 816 de
650 735 742 830 fide,
762 737 953 845 quicquid
973 737 1090 818 effem
1111 739 1298 875 paliurus,

147 847 252 929 nihil
266 849 518 930 diffimulare.
565 851 741 930 Romam
756 850 888 957 itaque
902 848 1161 931 nihilominus
1173 853 1272 931 redii
1287 879 1297 929 ε

145 961 247 1070 quid
265 961 398 1056 essem,
416 962 444 1043 fi
462 963 551 1071 quis
571 960 848 1068 interrogabat,
870 964 1073 1043 neminem
1090 963 1238 1044 celavi:
1271 962 1298 1042 fi

145 1073 237 1182 quis
250 1073 511 1168 adoriebatur,
525 1075 565 1152 in
586 1073 666 1182 ipsa
681 1073 777 1153 urbe
792 1072 1009 1169 Pontificis,
1022 1076 1161 1156 alteros
1173 1103 1298 1185 prope

144 1184 246 1265 duos
262 1184 427 1281 menses,
443 1183 707 1266 orthodoxam
724 1185 972 1292 religionem,
988 1206 1032 1267 ut
1047 1206 1158 1268 antea
1178 1186 1297 1267 liber-

145 1296 251 1377 rime
282 1299 427 1381 tuebar.
487 1300 657 1404 Deoque
688 1297 738 1375 fic
760 1299 930 1391 volente,
964 1299 1174 1380 incolumis
1202 1299 1298 1379 Flo-

145 1411 317 1490 rentiam
337 1409 464 1492 rursus
481 1410 666 1520 perveni:
698 1408 803 1488 haud
831 1407 962 1490 minbs
989 1411 1071 1491 mei
1095 1412 1298 1522 cupientes

143 1521 330 1615 revisens,
346 1550 390 1602 ac
411 1522 438 1601 fi
458 1525 498 1603 in
518 1522 686 1633 patriam
702 1520 953 1604 revertiffem.
1012 1523 1101 1604 Illic
1114 1523 1296 1617 totidem,

144 1652 246 1744 quot
259 1634 382 1743 prius,
399 1633 548 1714 menses
564 1633 730 1713 libenter
744 1654 1025 1729 commoratus,
1038 1636 1107 1715 nisi
1127 1632 1235 1744 qubd
1247 1634 1296 1715 ad

144 1774 294 1857 paucos
323 1747 406 1827 dies
426 1748 579 1826 Lucam
595 1744 1046 1838 excucurri,-transcenso
1065 1749 1295 1857 Apennino,

142 1886 218 1971 per
239 1860 459 1940 Bononiam
478 1876 519 1937 et
535 1859 569 1936 F
570 1885 753 1937 erraram.
785 1858 969 1938 Venetias
984 1860 1182 1938 contendi.
1217 1860 1297 1939 Cui

143 1968 237 2051 urbi
255 1970 457 2052 lustranda
475 1996 569 2050 cum
594 1968 769 2050 mensem
794 1997 919 2050 unum
942 1971 1230 2081 impendissem,
1257 1991 1297 2051 et

143 2082 281 2177 libros,
294 2109 393 2189 quos
409 2111 479 2192 per
494 2081 651 2162 Italiam
666 2082 989 2189 conquifiveram,
1004 2085 1044 2162 in
1061 2111 1202 2165 navem
1218 2085 1296 2164 im-

143 2195 349 2306 ponendos
365 2193 569 2288 curdffem,
584 2220 654 2303 per
668 2195 870 2274 Veronam
889 2222 934 2274 ac
950 2196 1245 2290 Mediolanum,
1258 2214 1298 2277 et

145 2306 322 2388 Paeninas
340 2306 479 2417 Alpes,
508 2309 617 2386 Lacu
643 2305 812 2414 denique
842 2307 1062 2401 Lemanno,
1091 2307 1297 2388 Genevam

143 2418 298 2501 delatus
317 2417 416 2498 sum.
477 2424 580 2530 Qae
595 2417 699 2513 urbs,
716 2414 811 2498 clun
831 2419 871 2496 in
886 2438 1063 2499 mentem
1083 2418 1184 2499 mihi
1201 2419 1295 2500 hinc

141 2532 278 2612 veniat
296 2531 408 2610 Mori
426 2531 733 2623 calumniatoris,
750 2528 845 2610 facit
865 2550 909 2611 ut
925 2533 1063 2612 Deum
1081 2528 1148 2611 hic
1169 2531 1297 2612 rursus

142 2642 286 2725 testem
312 2643 510 2735 invocem,
539 2670 604 2721 me
625 2638 685 2721 his
705 2642 889 2723 omnibus
917 2644 958 2722 in
978 2643 1090 2737 locis,
1120 2643 1188 2725 ubi
1215 2662 1296 2724 tarn

143 2757 273 2836 multa
300 2755 435 2849 licent,
462 2754 511 2835 ab
534 2754 646 2835 omni
674 2752 824 2861 flagitio
851 2782 895 2835 ac
921 2754 1066 2865 probro
1095 2756 1297 2864 integrum

143 2887 264 2977 atque
284 2868 476 2947 intactum
493 2866 643 2959 vixiffe,
663 2866 762 2945 illud
783 2866 974 2976 perpetub
993 2867 1251 2976 cogitantem,
1270 2869 1297 2949 sa

143 2977 361 3061 hominum
380 2979 498 3059 latere
518 2980 652 3058 oculos
672 2976 836 3088 poffem,
853 2981 933 3059 Dei
952 2979 1057 3061 certe
1077 3009 1156 3061 non
1205 2981 1295 3061 offe.

144 3092 321 3189 Genevae
335 3119 429 3170 cum
443 3092 595 3196 joanne
616 3090 815 3184 Deodato,
836 3090 1068 3200 Theologiae
1087 3121 1158 3203 pro
1178 3093 1296 3174 ellore

142 3204 380 3296 doctiffimo,
395 3204 647 3311 quotidianus
660 3201 844 3284 versabar.
905 3206 1062 3285 Deinde
1074 3205 1214 3285 eodem
1232 3206 1297 3286 iti-

144 3343 255 3410 nere,
269 3344 350 3423 quo
365 3312 488 3424 prius,
506 3344 576 3427 per
588 3314 779 3408 Galliam,
794 3316 880 3424 post
894 3344 1043 3396 annum
1058 3335 1098 3395 et
1115 3334 1190 3399 tres
1206 3318 1295 3428 plus

143 3429 279 3509 minus
311 3426 460 3517 menses
491 3429 533 3507 in
570 3429 740 3537 patriam
769 3446 966 3524 revertor3
998 3429 1140 3508 eodem
1169 3428 1295 3508 ferme

143 3557 326 3649 tempore
340 3568 421 3648 quo
436 3539 616 3633 Carolus,
632 3567 726 3619 cum
740 3539 880 3633 Scotis,
893 3561 1007 3649 rupta
1022 3567 1132 3649 pace,
1145 3539 1296 3621 bellum

143 3652 316 3759 alterum
338 3651 446 3761 quod
468 3671 609 3732 vocant
630 3652 878 3761 Episcopale,
909 3652 1222 3759 redintegrabat:
1255 3655 1294 3733 in

143 3791 228 3873 quo
247 3762 339 3845 fufis
359 3764 490 3874 primo
509 3764 712 3872 congreffu
732 3764 849 3871 regiis
868 3766 1008 3874 copiis,
1033 3762 1127 3844 cbm
1147 3764 1297 3845 videret

144 3878 271 3957 etiam
284 3903 421 3956 omnes
433 3877 602 3983 Anglos,
620 3896 660 3956 et
675 3876 819 3956 merito
834 3877 1012 3984 quidem,
1025 3877 1065 3955 in
1084 3875 1120 3956 se
1134 3877 1296 3987 peffime

142 3990 354 4082 animatos,
384 3988 489 4067 malo
516 3992 686 4080 coactus,
713 4015 792 4069 non
821 3986 971 4096 sponte,
1001 3989 1295 4070 Parlamentum

142 4098 253 4181 baud
272 4102 327 4180 ita
341 4099 471 4180 multo
486 4099 584 4210 post,
597 4100 841 4181 convocavit.
874 4100 976 4210 lpse,
993 4101 1114 4181 ficubi
1131 4102 1294 4211 polleni,

142 4230 230 4295 tarn
243 4211 358 4292 rebus
374 4210 538 4293 turbatis
553 4231 593 4291 et
611 4210 902 4305 fludtuantibus,
918 4212 1051 4293 locum
1065 4213 1297 4295 confistendi

140 4323 479 4435 circumspiciens,
499 4321 601 4404 mihi
624 4322 808 4432 librisque
831 4325 946 4418 meis,
971 4324 1026 4405 sat
1049 4326 1226 4436 amplam
1254 4329 1295 4406 in

142 4436 243 4519 urbe
261 4438 430 4518 domum
448 4436 645 4531 conduxi3
676 4435 733 4515 ibi
751 4435 799 4515 ad
824 4436 1036 4519 intermiffa
1059 4439 1183 4518 studia
1202 4438 1296 4518 bea-

142 4550 252 4631 tulus
281 4576 348 4629 me
380 4550 535 4657 recepi;
575 4575 708 4629 rerum
742 4549 853 4627 exitu
885 4550 977 4628 Deo
1013 4551 1226 4658 imprimis,
1256 4570 1297 4631 et

140 4661 290 4771 quibus
317 4661 358 4741 id
386 4661 562 4741 muneris
592 4660 762 4771 populus
787 4659 918 4754 dabat,
949 4659 1063 4741 facile
1072 4661 1294 4854 ¹¹permilio.

141 4773 555 4857 lutereaParlamento
565 4802 650 4855 rem
660 4770 812 4854 strenui
824 4792 1000 4880 gerente,
1007 4775 1070 4884 Ep

199 4911 229 4988 4
707 4911 734 4964 u

1075 4775 1083 4790 ’
1101 4802 1295 4886 copotum
