2888 5204
240 197 292 277 54
513 160 602 248 Pro
630 152 813 284 Populo
842 97 1107 280 Anglicario

240 330 386 410 idcirco
407 329 546 409 Caesari
565 328 761 407 numisma
781 328 880 406 illud
904 327 1148 407 reddendum
1173 344 1272 420 erat,
1296 327 1380 435 quia

242 441 400 521 Caesaris
418 468 564 521 nomen
583 459 651 520 aut
670 441 886 549 imaginem
907 439 1090 549 praetulit,
1111 438 1176 518 sed
1194 439 1290 547 quia
1303 440 1382 518 Ca-

243 551 421 659 sarisjam
433 553 642 659 anteajure
654 571 750 646 erat,
764 553 871 632 nulla
883 552 977 632 licet
989 552 1162 658 imagine
1177 550 1381 659 fignatum.

242 667 306 746 Ex
326 694 406 774 quo
427 664 683 755 manifestum
702 665 774 758 est,
801 663 1005 744 Christum
1029 661 1106 743 hoc
1131 665 1171 743 in
1195 665 1287 743 loco
1312 690 1383 743 non

243 797 325 859 tam
346 806 414 858 nos
434 779 555 858 officii
575 778 695 857 nostri
714 804 807 884 erga
825 804 935 884 reges
959 795 1025 857 aut
1041 774 1208 857 Caesares
1228 778 1284 855 ita
1303 803 1385 884 per·

242 890 359 1000 plexe
375 910 492 999 atque
512 889 699 997 ambigue
718 892 928 970 admonere
947 888 1123 982 voluisse,
1142 885 1268 997 quam
1288 886 1385 967 Pha·

244 1001 366 1083 risaeos
397 1001 620 1112 hypocritas
650 1002 912 1111 improbitatis
946 1020 986 1080 et
1020 1001 1180 1081 malitiae
1212 1028 1385 1108 arguere.

247 1115 385 1224 Qid?
415 1115 544 1195 rursus
563 1142 656 1195 cum
676 1116 713 1193 ei
733 1116 957 1194 nuntiarent
977 1110 1170 1207 Pharisaei,
1184 1113 1388 1193 Herodem

245 1227 327 1332 ejus
343 1228 431 1306 vitae
452 1227 603 1307 infidias
621 1254 770 1335 parare,
790 1254 838 1306 an
858 1222 1011 1305 humile
1029 1245 1096 1305 aut
1114 1224 1327 1305 demiffum
1343 1223 1388 1305 ab

245 1367 293 1418 eo
313 1337 538 1448 responsum
559 1359 722 1446 tyranno
746 1339 990 1418 reddendum
1015 1338 1215 1418 tulerunt?
1258 1334 1390 1417 Immo

246 1452 310 1544 ite,
330 1452 476 1560 inquit,
495 1470 533 1531 et
546 1450 655 1532 dicite
673 1451 784 1560 vulpi
798 1450 859 1530 illi
862 1481 875 1542 ;
903 1452 1068 1530 innuens
1085 1478 1195 1558 reges
1210 1477 1292 1530 non
1304 1449 1390 1556 jure

248 1564 357 1668 regio
383 1564 446 1642 sed
473 1562 638 1672 vulpino
660 1564 811 1642 civibus
835 1561 909 1642 suis
932 1562 1116 1643 infidiari.
1173 1562 1304 1670 Atqui
1318 1558 1391 1668 sub

245 1692 401 1782 tyranno
407 1672 634 1784 stupplicium
651 1675 779 1754 mortt's
783 1672 917 1781 subire
921 1673 1116 1782 sustinuit.
1175 1672 1391 1754 Enimverh

246 1787 316 1893 qui
342 1789 472 1895 potuit
495 1787 564 1867 nist
591 1786 660 1866 sub
685 1787 876 1895 tyranno?
891 1787 1117 1896 supplicium
1130 1786 1209 1892 stub
1236 1805 1392 1897 tyranno

241 1897 369 2008 puffus
385 1900 455 2006 est;
475 1925 570 2005 ergo
584 1900 632 1978 ad
648 1898 888 2004 injustiffima
903 1899 1046 2007 quaevis
1059 1899 1159 2004 juris
1174 1900 1277 2006 regii
1291 1896 1393 1978 testis

247 2030 288 2091 et
311 2010 492 2091 assertor:
520 2011 701 2118 egregius
727 2029 770 2090 tu
795 2010 959 2119 quidem
991 2011 1214 2090 officiorum
1236 2011 1393 2091 ratioci-

249 2140 360 2202 nator
378 2151 432 2204 es.
492 2119 645 2202 Veritm
659 2119 839 2202 Christus
854 2125 1034 2231 quamvis
1054 2121 1173 2203 nostri
1190 2121 1393 2216 liberandi,

248 2262 325 2313 non
346 2233 414 2313 sub
427 2235 574 2340 jugum
595 2234 780 2314 mittendi
798 2236 912 2315 causa
932 2236 1086 2315 servum
1106 2235 1142 2315 se
1163 2233 1316 2328 fecerit,
1336 2253 1393 2314 ta·

249 2372 340 2424 men
361 2347 409 2424 ad
429 2345 537 2426 hunc
557 2347 724 2426 modum
748 2345 784 2425 se
808 2346 943 2453 geffit3
975 2374 1049 2427 nec
1070 2347 1152 2452 juri
1180 2348 1394 2455 quicquam

249 2459 358 2565 regio
375 2476 510 2567 praeter
528 2487 684 2566 aequum
704 2478 745 2537 et
768 2458 918 2538 bonum
943 2458 1141 2539 conceffit.
1200 2458 1326 2539 Nunc
1348 2458 1395 2537 ad

248 2590 439 2680 praecepta
453 2570 535 2676 ejus
554 2568 628 2651 hac
647 2570 696 2650 de
713 2600 752 2650 re
767 2571 975 2678 aliquando
990 2573 1207 2650 veniamus.
1267 2572 1396 2651 Zebe—

250 2683 322 2762 daei
340 2682 443 2763 filios
466 2685 685 2762 maximam
711 2684 752 2762 in
775 2709 898 2790 regno
919 2681 1084 2776 Christi,
1113 2683 1221 2791 quod
1239 2710 1339 2763 mox
1358 2683 1396 2761 in

252 2795 362 2874 terris
378 2794 559 2874 futurum
571 2794 829 2887 somniabant,
842 2795 1075 2902 dignitatem
1089 2794 1335 2888 affectantes,
1350 2794 1398 2873 fic

252 2903 431 2985 Christus
455 2909 662 3015 corripuit,
685 2927 730 2987 ut
748 2934 885 2986 omnes
906 2904 1021 2987 simul
1038 2907 1267 2988 christianos
1285 2933 1397 2986 com·

252 3017 516 3099 monefaceret
530 3020 646 3126 quale
665 3019 730 3124 jus
755 3018 1001 3126 magistratds
1024 3040 1064 3100 et
1087 3019 1245 3128 imperii
1271 3019 1398 3098 civilis

251 3131 355 3240 apud
375 3157 441 3210 eos
460 3131 645 3211 constitui
663 3131 845 3211 voluerit.
905 3132 1032 3225 Scitis,
1053 3133 1197 3240 inquit,
1212 3130 1400 3240 principes

248 3244 414 3350 gentium
432 3243 472 3322 in
490 3273 552 3323 eas
570 3244 763 3336 dominari,
784 3261 821 3322 et
838 3262 1029 3350 magnates
1046 3244 1311 3324 authoritatem
1333 3272 1399 3323 ex-

252 3385 382 3444 ercere,
393 3356 432 3434 in
450 3385 525 3449 eas,
551 3354 682 3436 uerum
701 3384 770 3436 non
789 3356 846 3435 itu
869 3358 944 3436 erit
966 3356 1067 3436 inter
1085 3385 1161 3437 vos.
1220 3354 1299 3435 Sed
1316 3355 1400 3465 qui·

251 3495 393 3576 cunque
410 3466 508 3547 volet
526 3469 625 3547 inter
636 3496 701 3547 vos
714 3468 985 3574 magnussteri,
998 3468 1064 3577 isso
1078 3468 1197 3577 vester
1212 3466 1398 3576 mintstem·

253 3596 291 3659 et
309 3578 513 3686 quicunque
531 3579 629 3659 volet
647 3581 828 3659 intervos
840 3579 987 3689 primus
1005 3579 1083 3696 effe,
1103 3579 1170 3688 esto
1187 3577 1401 3687 ussei-ser·

252 3689 359 3770 vus?
418 3691 516 3770 Haec
535 3709 578 3770 tu
597 3691 667 3771 nisr
687 3708 819 3771 mente
835 3711 971 3800 captus
986 3712 1118 3772 tecum
1133 3691 1401 3772 facerecredi·

254 3800 393 3881 disses?
423 3798 531 3881 hisne
553 3823 590 3882 te
609 3805 850 3910 argumentis
869 3809 1039 3898 vincere,
1060 3823 1105 3884 ut
1122 3830 1234 3911 reges
1252 3803 1401 3884 nostros

253 3942 388 3993 rerum
407 3913 589 3994 dominos
609 3916 906 3996 existimemus?
936 3917 1056 3996 Tales
1081 3917 1124 3996 in
1146 3914 1250 3995 bello
1272 3913 1402 3996 hostes

253 4024 367 4105 nobis
382 4028 627 4134 contingant,
653 4029 723 4136 qui
741 4030 784 4107 in
806 4028 928 4107 castra
956 4026 1129 4109 hostium
1156 4028 1403 4136 (quanquam

255 4157 295 4218 et
309 4158 476 4219 armatos
492 4141 647 4218 vincere
663 4140 716 4219 sat
731 4139 890 4242 scimus)
906 4143 965 4220 uti
983 4160 1025 4220 tu
1043 4141 1153 4234 soles,
1169 4141 1268 4220 coeci
1284 4158 1405 4249 atque

253 4253 423 4331 inermes
444 4270 629 4359 tanquam
651 4252 690 4329 in
710 4251 796 4332 suos
817 4253 1015 4333 incidant:
1047 4255 1101 4333 ita
1120 4252 1274 4361 semper
1295 4253 1404 4360 quod

190 4368 194 4373 ’
254 4365 325 4443 tibi
339 4361 513 4443 maxime
526 4363 760 4456 adversatur,
777 4364 816 4444 id
829 4365 989 4445 demens
1002 4365 1123 4446 veluti
1137 4363 1404 4444 firmissimum
