2888 5204
132 109 232 260 '220
418 169 613 301 Joannis
640 164 847 298 Philippi
871 165 1020 297 Angli

140 347 298 457 puniiffe
311 344 460 426 rebelles
472 346 989 457 Israelitas,quippe,ueram
984 347 1060 454 sui
1065 349 1280 456 cognitionem

147 459 196 539 ab
214 459 261 539 iis
278 457 468 567 abstuliffl‘.
528 459 586 539 At
601 459 669 539 ubi
688 459 730 538 id
743 486 919 568 unquam
939 459 1085 569 legisti,
1098 462 1280 570 Nugatur,
1323 470 1325 549 l

148 570 337 650 Israelitas
365 569 477 649 illam
505 569 770 651 defectionem
799 571 1026 653 Idololatria
1051 571 1177 667 luiffe,
1201 569 1282 653 citm
1322 592 1325 673 l

150 685 262 763 Deus
293 680 374 790 ipse
389 681 629 785 Jeroboamo
657 710 754 763 mox
778 684 1013 766 rebellaturo
1037 683 1143 765 bona
1167 686 1285 766 omnin
1322 678 1325 745 l

147 794 346 923 ponens
370 794 430 923 n3
455 792 570 902 seque
594 794 655 874 nu
680 793 1284 891 1srannastraummmen,t
1322 748 1325 933 J

145 906 1005 1128 {llFlgtl‘jssllil‘tll’ltljgstle
1021 907 1288 1132 llll}

145 1129 304 1211 moribus
320 1149 480 1239 peccant
498 1132 676 1226 nonnulli,
695 1130 818 1241 inopia
834 1135 966 1227 contii,
991 1132 1218 1242 Religionem
1235 1150 1285 1214 to·

146 1241 1284 1464 tntli'sstlll⁰lssllttlltplltll32nlll

145 1469 252 1546 cinas
269 1467 377 1546 ebrio
390 1465 1283 1578 agmine,blasphemo,libidinofiffimoacfero-

145 1579 297 1658 ciffimo
318 1579 514 1673 oberrare,
542 1584 732 1689 omnique
756 1581 969 1689 impietatis
991 1606 1139 1688 genere
1160 1608 1282 1663 omnet

146 1690 315 1797 Anglos,
337 1709 524 1798 tanquam
542 1691 599 1771 sui
620 1692 778 1786 similes,
794 1691 961 1772 infames
980 1693 1173 1773 reddere?
1212 1694 1282 1775 No·

143 1801 276 1909 hiscum
295 1820 362 1882 tua
377 1801 564 1884 sententia
577 1805 712 1886 vitnlae
729 1831 878 1897 auree,
897 1801 1080 1909 vobiscum
1091 1804 1213 1912 mensi
1224 1803 1280 1886 elo·

144 1914 294 2009 minica,
319 1915 437 1994 oratio
459 1914 651 2011 dominica,
666 1915 868 2027 symbolum
891 1915 1159 2026 Apostolorum,
1181 1917 1284 1999 decen

144 2026 335 2108 mandata.
372 2029 499 2135 Atqui
515 2057 560 2108 ea
580 2028 660 2138 ipsa
679 2027 781 2109 sacra
799 2056 887 2137 quae
903 2028 1009 2137 apud
1022 2055 1093 2108 vos
1108 2029 1207 2110 soloe
1220 2026 1283 2109 effe

145 2140 312 2220 inaniter
322 2138 459 2244 jauas,
475 2140 600 2234 vobis,
620 2168 691 2250 pro
708 2167 819 2221 more
834 2139 960 2220 vestro
976 2138 1237 2250 superstitiosi
1251 2158 1284 2221 et

146 2247 390 2362 hypocritice
418 2252 682 2347 abutentibus,
709 2251 812 2333 nihil
836 2251 944 2333 aliud
970 2249 1152 2362 profecto
1174 2249 1282 2363 quim

144 2363 276 2443 vitulae
295 2391 418 2443 aureae
436 2362 537 2443 sunt.
581 2367 721 2459 Deum,
739 2365 883 2473 inquis,
886 2362 968 2469 fibi
975 2366 1208 2446 contrarium
1208 2365 1283 2476 stn-

143 2475 295 2556 tuimur.
355 2475 539 2588 Qidni?
569 2479 636 2556 An
662 2475 771 2584 quod
796 2480 1094 2585 Argumentum
1121 2477 1283 2558 Salmafii

143 2585 245 2668 nihil
265 2587 392 2667 valere
411 2586 580 2666 ostendit
600 2589 812 2682 Miltonus,
837 2590 1033 2669 idcircone
1061 2591 1202 2670 Deum
1223 2588 1283 2669 fibi

143 2701 383 2780 contrarium
404 2698 548 2779 statuit.
591 2701 760 2780 Dixerat
776 2701 995 2794 Salmasrus,
1011 2727 1153 2782 omnes
1166 2704 1283 2809 Regot

144 2812 218 2891 elle
238 2809 260 2890 i
281 2813 394 2904 De03
426 2811 625 2891 Miltonus
645 2839 723 2892 non
742 2840 880 2893 omnes
902 2814 1047 2922 Reges,
1075 2813 1142 2893 sed
1161 2838 1284 2895 omnes

143 2922 304 3033 regendi
324 2921 486 3016 formas,
515 2923 645 3004 salutis
664 2926 778 3005 cause
797 2923 1004 3020 adhibitas,
1033 2924 1147 3030 cujus
1176 2927 1283 3006 etiam

142 3037 256 3116 causi
270 3035 410 3145 populi
425 3055 654 3128 conventus,
670 3036 847 3131 comitia,
860 3056 899 3118 et
913 3036 1071 3117 confilia
1087 3034 1282 3118 habentur.
1323 3128 1325 3133 ,

143 3150 253 3256 Ergo
273 3147 335 3227 vel
355 3146 472 3256 ipfius
492 3165 725 3254 argumento
745 3175 824 3228 non
844 3151 970 3256 magis
989 3150 1097 3256 Regi
1115 3149 1211 3230 licet
1231 3174 1283 3229 re·

143 3261 269 3342 fistere
296 3260 445 3370 populo
476 3281 637 3369 propter
668 3260 884 3369 Rempubl.
913 3280 1145 3357 convocato,
1175 3259 1283 3372 quim

144 3374 292 3482 populo
312 3373 404 3451 licet
424 3371 594 3451 refistere
616 3372 720 3478 Regi
739 3369 761 3451 l
781 3374 871 3453 Deo
894 3373 1089 3466 ordinato,
1114 3373 1283 3483 quando·¹

143 3485 306 3592 quidem
326 3504 367 3565 et
386 3485 525 3593 populi
549 3503 763 3564 conventus
787 3484 957 3594 legitimi
981 3482 1004 3565 i
1023 3487 1116 3566 Deo
1134 3508 1283 3596 quoque

143 3596 231 3676 sunt
250 3617 295 3677 ut
314 3596 498 3676 Sechemi
513 3597 612 3676 olim
627 3614 762 3676 eontra
783 3598 1038 3677 Roboamum
1057 3596 1172 3678 fuiffe
1189 3595 1282 3680 testi·
1307 3656 1310 3667 ·

142 3707 281 3788 ficatur
302 3706 382 3819 ipse
403 3709 529 3788 Deus.
593 3709 743 3802 Utrum,
759 3707 906 3816 inquis,
927 3709 989 3790 ille
1005 3728 1206 3820 tyrannus,
1230 3703 1302 3821 qui

141 3821 286 3927 uiginti
299 3818 422 3900 tribus
439 3820 547 3900 annii
558 3849 732 3927 regnans,
745 3820 918 3902 neminem
927 3839 999 3931 pro
1002 3822 1083 3929 sua
1101 3824 1283 3904 voluntate

142 3933 238 4013 mori
253 3932 396 4040 coe‘git‚·
417 3935 485 4012 An
497 3932 640 4042 vosqui
654 3935 754 4013 inter
766 3931 883 4013 decem
897 3964 1011 4015 annos
1023 3936 1162 4042 Regem
1191 3935 1201 3952 ‘
1232 3956 1282 4014 tn

142 4063 179 4125 et
209 4046 299 4156 plus
329 4042 440 4155 quein
475 4045 688 4154 quingentos
723 4045 792 4125 mil
802 4074 821 4124 e
857 4046 1037 4127 hominurn
1066 3951 1280 4157 erudistis.

142 4158 255 4272 Qid
279 4157 348 4252 ais,
375 4156 485 4269 mille
505 4158 769 4265 quingentos?
799 4184 1013 4238 numerum
1032 4157 1120 4239 sane
1139 4154 1283 4270 perexi-

140 4297 267 4378 guum
298 4297 425 4349 narras
439 4298 450 4360 ;
480 4296 608 4377 neque
633 4270 736 4349 ullus
768 4296 959 4378 unquam,
988 4270 1123 4371 cred0,
1149 4264 1283 4352 minori

135 4383 287 4489 jaeturi
301 4382 453 4462 bellum
474 4399 555 4463 tam
575 4380 716 4462 saevum
734 4381 918 4467 confeci-t.
965 4381 1150 4465 Profeffl)
1170 4384 1285 4465 litam
