2888 5204
143 175 216 280 178
421 162 511 251 Pro
539 155 721 289 Populo
750 153 1018 284 Anglicano

140 333 193 414 ad
210 335 348 427 Scotos,
369 332 499 441 quibus
517 332 725 441 testabatur
743 331 1016 439 nunquumfibi
1031 331 1070 410 in
1089 327 1261 434 animosu-

142 445 202 555 iffe
215 443 511 551 mutarrstatum
527 444 593 553 qui
608 444 680 523 huc
699 443 834 552 usque5
864 443 903 523 in
918 442 1067 550 Anglia
1081 440 1265 522 obtinuerat

129 556 207 663 sub
225 585 326 663 rege,
346 556 442 636 domo
461 553 682 636 dominorum
701 575 737 636 et
759 555 1021 635 Communium.
1080 554 1183 634 Vide
1200 551 1267 658 jem

144 665 265 775 quim
285 696 364 747 non
387 668 571 747 doctrina
592 667 950 776 independentium
969 665 1170 773 abrogatio
1187 663 1269 771 regis

144 780 459 860 attribuendasrt.
493 781 577 891 Qi
593 779 702 858 suam
713 780 950 860 diffimulare
962 778 1180 859 doctrinam
1190 802 1270 855 non·

145 891 281 986 solent,
299 893 419 971 etiam
441 895 556 1001 potiti
573 920 705 971 rerum
721 890 953 1000 profitentur
968 887 1231 1001 nunquamstbi
1242 885 1272 965 ir

144 1005 262 1084 animo
274 1004 351 1111 fui
374 1004 550 1110 estatum
569 1004 680 1110 regni
694 1021 854 1083 mutare.
917 1003 1040 1113 Qod
1066 1003 1095 1082 fi
1121 1001 1162 1081 id
1187 996 1273 1110 post·

147 1112 313 1195 modium
330 1117 370 1194 in
382 1134 559 1194 mentem
571 1117 692 1209 venit,
705 1114 812 1223 quod
827 1116 867 1194 in
882 1117 1015 1194 animo
1028 1142 1108 1195 non
1122 1111 1275 1206 fuit,cu1

146 1256 225 1307 non
241 1227 384 1307 licebat
398 1227 505 1335 quod
522 1230 678 1320 rectius,
699 1247 738 1307 et
754 1225 775 1307 ὲ
792 1227 931 1336 repub.
953 1227 1080 1334 magis
1095 1224 1170 1305 effe
1185 1222 1275 1304 vide·

145 1339 273 1433 batur,
295 1339 336 1418 id
355 1339 600 1447 potiffimum
621 1339 756 1446 sequi?
786 1338 994 1449 praesertim
1013 1367 1110 1419 cum
1132 1334 1275 1417 Carolut

145 1479 273 1560 neque
302 1453 469 1544 exorari,
496 1480 624 1560 neque
650 1451 754 1531 flesti
781 1452 864 1531 ullo
891 1451 1009 1531 modo
1039 1449 1222 1561 potuerit,
1241 1463 1276 1525 ut

140 1563 355 1667 justiffimis
371 1591 508 1642 eorum
523 1563 738 1671 postulatis,
751 1591 914 1671 quaeque
931 1563 1083 1672 semper
1094 1562 1228 1642 eadem
1238 1555 1276 1637 ab

147 1676 260 1754 initio
281 1672 517 1768 obtulerant,
545 1675 800 1755 assentiretur.
857 1678 967 1784 Qas
994 1675 1110 1753 initio
1132 1673 1183 1753 de
1202 1669 1277 1753 reli·

146 1786 279 1893 gione,
292 1813 387 1893 quas
407 1785 558 1892 dejure
580 1788 647 1867 suo
667 1786 872 1867 sententias
891 1786 1188 1897 perversrffimas
1205 1802 1278 1863 tue·

146 1896 284 1992 batur;
316 1898 503 2006 nobisque
524 1899 621 1978 adeb
641 1897 896 1993 calamitosas,
917 1899 957 1977 in
983 1897 1123 1977 iisdem
1142 1921 1279 2007 perma-

148 2010 289 2089 nebat:
321 2010 369 2088 ab
390 2011 459 2089 illo
481 2011 627 2089 Carolo
651 2009 752 2089 nihil
772 2030 962 2103 mutatus,
983 2012 1115 2118 quiet
1141 2034 1232 2118 paee
1249 2022 1280 2085 et

148 2121 252 2200 bello
269 2140 374 2201 tanta
390 2122 501 2202 nobis
513 2122 698 2202 omnibus
713 2121 816 2201 mala
835 2122 1030 2202 intulerat.
1091 2119 1228 2228 Siquid
1236 2114 1281 2195 esi

148 2232 325 2326 assensus,
343 2233 384 2312 id
401 2252 440 2312 et
458 2233 579 2313 invitd
597 2231 1112 2343 facere,etquampriml1m
1131 2233 1188 2312 sui
1196 2229 1280 2336 juris

148 2342 265 2436 foret,
282 2373 354 2453 pro
373 2343 499 2424 nihilo
519 2346 555 2425 se
576 2344 805 2425 habiturum
826 2343 931 2425 haud
950 2345 1125 2426 obscuris
1145 2341 1282 2423 indiciis

149 2455 406 2563 fignificabat:
430 2457 536 2536 idem
549 2457 681 2566 aperte
695 2456 813 2551 filius,
827 2458 992 2538 abducta
1005 2457 1138 2538 secum
1152 2476 1282 2566 percos

148 2568 230 2647 dies
246 2568 368 2647 claffis
382 2588 506 2676 parte,
525 2569 683 2676 scripto,
699 2569 805 2648 idem
822 2570 902 2679 ipse
918 2596 989 2677 per
1001 2570 1132 2649 literas
1148 2567 1196 2647 ad
1211 2565 1283 2645 suot

149 2680 337 2788 quosdam
359 2681 398 2757 in
419 2680 514 2759 urbe
535 2681 767 2760 declarabat.
829 2682 981 2761 Interea
996 2709 1092 2761 cum
1107 2676 1283 2760 Hibernia

148 2792 374 2898 Anglorum
395 2789 569 2872 hostibus
589 2793 891 2887 immaniffimis,
913 2793 1150 2873 reclamante
1167 2789 1284 2870 Parla-

151 2923 300 2997 mento,
318 2901 430 2982 foedis
449 2905 740 2984 conditionibus
755 2905 910 2984 occulti
931 2932 1070 3013 pacem
1085 2927 1285 3011 coagmen·

152 3032 310 3106 taverat,
332 3015 484 3121 Anglos
501 3015 548 3092 ad
569 3017 725 3124 repitita
744 3017 936 3096 inutiliter
954 3017 1153 3124 colloquia
1171 3034 1212 3094 et
1228 3039 1287 3122 pac
1312 3054 1314 3059 ·

150 3154 239 3205 cem
264 3128 417 3235 quoties
438 3126 638 3221 invitabat,
661 3129 775 3207 toties
794 3148 929 3208 contra
947 3155 1013 3207 eos
1036 3130 1150 3208 omni
1174 3124 1287 3206 studio

150 3238 300 3318 bellum
316 3238 522 3345 coquebat.
583 3240 666 3318 Hic
679 3239 737 3318 illi
749 3240 892 3348 quibus
905 3240 1130 3320 concredita
1145 3236 1286 3347 respub.

152 3370 249 3445 erat,
270 3349 349 3458 qub
375 3349 410 3429 se
435 3353 655 3430 verterent?
685 3380 734 3430 an
758 3352 1004 3432 commissam
1032 3351 1103 3431 fibi
1132 3350 1289 3431 nostram

152 3465 334 3541 omnium
357 3461 519 3541 salutem
543 3462 584 3539 in
611 3491 750 3543 manus
774 3462 874 3543 hosti
901 3464 1146 3543 acerbiffimo
1174 3461 1289 3542 trade·

154 3576 266 3652 rent?
324 3573 390 3650 An
418 3574 585 3652 alterum
615 3574 710 3652 belli
738 3574 860 3685 prope
889 3577 1123 3655 internecim
1150 3575 1290 3685 septen·

153 3687 281 3777 nium,
303 3685 449 3791 nequid
469 3685 577 3794 pejus
597 3688 836 3781 ominemur,
857 3687 1076 3794 gerendum
1096 3686 1210 3767 nobis
1226 3686 1290 3764 ite·

156 3824 259 3888 rum,
276 3796 604 3875 etexantlandum
620 3798 912 3906 relinquerent?
971 3802 1083 3880 Deus
1096 3798 1290 3879 meliorem

155 3908 233 3987 illis
258 3927 434 3986 mentem
460 3909 605 4012 injecit,
631 3929 675 3989 ut
698 3910 892 4019 prioribus
919 3914 967 3990 de
994 3939 1086 4019 rege
1110 3938 1190 3990 non
1215 3934 1292 3991 mo

156 4019 283 4098 vendo
303 4018 620 4125 cogitationibus,
644 4049 722 4099 non
743 4024 851 4101 enim
871 4022 920 4102 ad
940 4026 1096 4103 decreta
1114 4046 1292 4131 pervene-

156 4152 257 4225 rant,
288 4130 470 4239 rempub.
505 4130 753 4238 religionem,
785 4134 1005 4214 libertatem
1033 4163 1085 4215 ex
1119 4133 1204 4244 ipso
1234 4130 1293 4211 illo

156 4242 301 4325 foedere
336 4243 482 4323 solenni
523 4263 826 4353 anteponerent;
866 4274 952 4354 quae
982 4250 1149 4354 quidem
1185 4247 1293 4327 stante

157 4385 248 4465 rege
275 4355 447 4436 constare
473 4383 550 4435 non
578 4357 697 4464 posse,
729 4358 871 4438 tardius
906 4358 964 4438 illi
991 4360 1160 4469 quidem
1186 4354 1293 4467 quim
