2888 5204
141 199 216 279 312
414 160 505 249 Pro
531 152 715 287 Populo
741 151 1011 284 Anglicano

140 330 234 410 esset
253 329 488 439 quibusnam
508 351 548 410 et
573 331 712 439 prioris
732 331 874 436 Legati
893 326 1067 408 Dorissai
1094 326 1223 419 caudes,
1241 344 1273 402 et
1323 324 1326 339 '

142 445 314 524 duorum
346 441 478 550 postea
511 460 678 550 acceptae
703 441 852 546 injuriae
881 438 1095 521 referendae
1124 440 1209 532 sint,
1235 464 1274 515 en

143 557 373 645 delatorem,
403 556 473 662 qui
501 553 670 663 hospites
698 571 739 631 et
767 553 908 632 altores
938 551 1025 633 suos
1049 554 1175 633 etiam
1194 547 1276 629 falb

145 666 319 747 deferat:
351 667 563 745 Hunccine
582 665 687 773 apud
705 693 789 758 vos,
809 664 961 758 Batavi,
984 692 1068 744 non
1092 660 1212 744 modo
1225 688 1279 740 re·

148 807 311 859 nereum
331 778 371 855 in
386 778 558 857 Ecclefia
574 777 813 870 ministrum,
829 775 893 856 sed
906 775 1201 884 sanguinarium
1215 774 1278 852 eti·

148 920 228 985 am,
246 918 318 969 nec
336 890 509 969 violandi
535 888 663 968 solum
683 889 782 994 juris
801 889 930 969 omnis
952 887 1212 980 hortatorem,
1228 883 1280 965 sod

150 1002 285 1081 violati
303 1029 462 1109 quoque
483 999 623 1080 falsum
644 1001 815 1081 indicem
834 1029 879 1081 ac
894 1002 1143 1109 proditorem
1161 998 1235 1078 ali?

208 1115 388 1193 Ultimus
408 1111 699 1193 accusationum
717 1113 855 1193 titulus
872 1113 928 1193 est
945 1112 1069 1224 nostra
1094 1109 1280 1218 injurritit

152 1226 392 1334 Reformatm
412 1224 607 1329 Ecclefias.
666 1225 724 1304 At
742 1222 834 1305 verb
858 1225 929 1334 qui
953 1226 1082 1332 magis
1106 1222 1282 1305 nostrain

152 1338 237 1418 illas
257 1334 379 1446 quam
393 1337 552 1417 illarum
571 1339 611 1417 in
629 1338 724 1416 nos?
753 1336 783 1416 fi
798 1338 984 1447 exemplo
1000 1336 1137 1430 instes,
1151 1331 1283 1416 certbfi

152 1450 201 1528 ab
219 1450 311 1558 ipsrs
324 1449 579 1528 Valdensrbus
595 1467 635 1527 et
650 1447 870 1542 Tolosanis,
889 1449 937 1528 ad
949 1449 1217 1559 Rupellanam
1231 1442 1283 1526 ns-

153 1589 231 1668 que
247 1559 396 1640 famem
416 1578 674 1639 monumenta
692 1579 856 1670 repetas,
873 1587 942 1639 nos
954 1561 1141 1641 omnium
1160 1558 1284 1640 Eucle-

155 1673 298 1751 srarum
337 1671 470 1751 ultimi
509 1674 752 1781 reperiemur
790 1691 926 1752 contra
967 1691 1156 1781 tyrannos
1193 1694 1285 1751 arma

155 1782 373 1892 sumpsrffe;
396 1802 436 1862 at
451 1784 572 1893 primi
586 1787 713 1892 capite
729 1782 936 1866 damnasse.
969 1782 1069 1865 Sane
1082 1785 1180 1893 quia
1190 1781 1284 1863 nobit

154 1894 232 1977 hoc
252 1896 390 2004 primis
410 1896 450 1973 in
469 1902 587 1975 mdnu
605 1895 734 1976 adhuc
753 1894 854 1976 fuit:
885 1896 982 2004 quid
1002 1896 1078 1989 illi,
1094 1896 1125 1976 fi
1144 1895 1230 1976 data
1245 1892 1284 1973 fi·

157 2009 262 2088 milis
282 2006 445 2088 facultas
464 2006 608 2101 fuiffet,
629 2007 786 2088 fuissent
804 2006 959 2103 facturi,
974 2009 1119 2116 opinor
1133 2036 1184 2087 ne
1202 2003 1285 2118 ipsu

156 2121 320 2228 quidem
346 2120 433 2201 satis
457 2118 575 2200 ndffe.
635 2121 835 2228 Equidem
854 2121 896 2198 in
918 2149 964 2201 ea
988 2119 1075 2199 sum
1100 2118 1285 2209 sententia,

157 2252 291 2317 contra
305 2261 426 2340 quem
442 2231 593 2311 bellum
605 2233 794 2338 gerimus,
808 2260 917 2324 eum,
933 2231 1050 2341 fiquis
1061 2233 1222 2312 rationis
1233 2244 1288 2309 ant

150 2345 293 2449 judicii
308 2344 394 2424 usus
407 2344 465 2440 fit,
482 2341 635 2422 hostem
650 2340 672 2422 a
687 2345 797 2424 nobis
807 2344 989 2450 judicari,
1002 2341 1161 2425 hostem
1172 2360 1288 2425 autem

158 2475 240 2539 tam
260 2455 476 2533 interficere
496 2452 618 2562 quam
630 2484 873 2564 oppugnare,
887 2455 1029 2535 eodem
1048 2455 1206 2566 semper
1215 2455 1288 2562 jure

158 2565 330 2645 licuisse:
361 2569 569 2672 Tyrannus
590 2569 710 2674 igitur
725 2596 819 2647 cum
838 2595 917 2646 non
938 2568 1065 2649 noster
1084 2566 1227 2661 solbm,
1239 2563 1288 2644 sed

158 2680 276 2757 totius
293 2677 414 2786 prope
435 2679 587 2784 generis
604 2677 768 2783 humani
788 2679 969 2790 publicus
988 2679 1111 2761 hostis
1131 2682 1192 2776 fit,
1211 2702 1287 2758 eum

158 2819 238 2896 quo
256 2789 344 2895 jure
365 2792 483 2868 armis
503 2793 737 2899 oppugnari,
762 2793 903 2872 eodem
929 2792 1034 2901 posse
1058 2813 1099 2873 et
1121 2789 1287 2872 interfici.

160 2903 250 2981 Nee
267 2931 357 2981 vero
378 2899 458 2980 haec
474 2931 562 2981 mea
583 2906 696 2983 unius
711 2903 896 2985 sententia
911 2905 980 2995 est,
1001 2924 1070 2984 aut
1087 2933 1202 2998 nova,
1214 2929 1287 2982 ean·

158 3015 251 3093 dem
267 3034 306 3093 et
319 3016 403 3093 aliis
419 3014 517 3093 olim
530 3014 604 3094 five
617 3016 838 3123 prudentia,
852 3016 926 3094 five
943 3015 1069 3097 sensus
1080 3013 1288 3097 communis

158 3128 332 3206 dietavit.
392 3127 503 3205 Hinc
523 3155 594 3235 pro
613 3128 776 3207 Rabirio
788 3129 852 3206 M.
868 3128 1051 3208 Tullius:
1086 3130 1133 3208 Si
1148 3119 1290 3235 interfici

161 3239 407 3319 Saturninum
418 3237 633 3345 nafcrsfuit,
649 3238 917 3346 armasumpta
936 3239 1001 3348 ‘ff’
1019 3257 1154 3320 contra
1169 3244 1288 3321 Satur·

158 3352 283 3431 ninum
287 3352 373 3454 stne
378 3349 520 3456 scelere
535 3381 603 3431 non
616 3351 775 3461 poffunt,
782 3351 826 3456 st
840 3381 948 3430 arma
949 3350 1044 3456 jure
1048 3352 1209 3463 sumpta
1222 3377 1288 3433 con·

158 3463 266 3556 cedis,
288 3462 521 3570 interfectum
529 3461 623 3567 jure
638 3461 810 3543 concedas
829 3462 958 3574 necsffi’
976 3464 1037 3571 est
1095 3467 1215 3545 Plura
1231 3461 1288 3542 hac

158 3573 204 3651 de
226 3602 266 3652 re
283 3593 323 3652 et
342 3572 568 3680 supradixi,
586 3594 625 3653 et
641 3572 735 3683 saepe
753 3571 862 3668 alias,
878 3596 917 3654 et
931 3604 1001 3684 per
1018 3574 1055 3654 se
1068 3603 1129 3655 res
1145 3575 1289 3655 obscura

157 3685 322 3765 nonest.
383 3688 447 3764 Ex
467 3687 609 3793 quibus
635 3687 730 3794 quid
757 3687 866 3765 Galli
885 3687 1020 3779 etiam,
1051 3687 1193 3767 eadem
1219 3680 1292 3766 data

156 3797 354 3875 occasione
374 3795 531 3876 fuissent
550 3795 705 3891 fasturi,
727 3799 807 3907 ipse
827 3826 945 3906 queas
964 3799 1156 3878 divinare.
1190 3796 1293 3878 Addo

158 3927 197 3988 et
216 3905 292 3987 hoc
313 3909 497 4015 amplius,
526 3911 753 4017 quicunque
778 3912 897 3989 armis
917 3931 1129 4016 tyrannum
1149 3936 1294 4022 oppug-

158 4039 265 4114 nant,
280 4020 416 4111 iidem,
433 4018 625 4126 quantiam
640 4022 678 4099 in
693 4022 729 4100 se
742 4021 811 4116 est,
828 4041 868 4100 et
883 4022 1145 4103 interficiunt:
1164 4027 1296 4112 immo,

156 4132 346 4241 quicquid
368 4132 429 4210 vel
450 4132 518 4210 fibi
538 4134 600 4210 vel
619 4134 704 4212 aliis
725 4132 856 4241 inepte
878 4134 963 4214 satis
983 4134 1216 4243 persuadere
1235 4164 1298 4215 cu·

155 4247 284 4352 piunt,
303 4243 388 4349 jam
416 4242 660 4323 interfecere.
721 4247 796 4324 Sed
821 4266 861 4324 et
884 4246 1058 4325 doctrina
1085 4243 1170 4328 haec
1195 4247 1299 4327 nobis

151 4356 256 4436 haud
278 4358 402 4463 magis
423 4353 541 4463 quam
566 4356 706 4449 Gallis,
735 4385 834 4464 quos
857 4377 898 4437 tu
919 4355 996 4438 hoc
1015 4359 1175 4467 piaculo
1195 4360 1298 4469 cupis
