2888 5204
154 177 230 256 188
423 165 513 254 Pro
540 157 725 293 Populo
750 157 1025 290 Anglicano

143 335 414 418 lividiffimam
430 332 594 413 furentis
607 333 784 442 sophistae
799 335 967 431 rabiem,
979 355 1023 417 et
1033 336 1145 415 domi
1157 333 1277 416 etsoris

142 446 415 538 defenderem,
439 444 581 553 jusque
609 446 750 556 populi
768 474 985 527 commuue
1006 446 1057 527 ab
1073 446 1212 553 injusto
1228 474 1278 527 re·

142 586 240 669 gum
262 557 370 651 odio,
390 557 454 636 sed
476 577 745 665 tyrannorum,
766 558 857 638 Deo
877 557 979 638 bene
989 558 1157 666 juvante
1170 560 1282 641 videor

135 673 220 778 jam
247 667 350 748 mihi
374 667 589 763 absolvisse,
618 697 746 777 neque
772 670 902 750 ullum
927 671 1008 750 fine
1034 669 1214 781 responso
1234 668 1285 771 vel

143 801 452 891 argumentum:
491 781 554 860 vel
585 782 833 892 exemplum,
858 782 922 861 vel
954 782 1227 864 testimouium
1246 782 1286 862 ab

143 895 360 975 adversario
387 894 551 972 allatum
582 892 703 974 sciens
733 894 972 1003 praetermisi,
1004 895 1288 1004 quodquidam

145 1006 342 1086 firmitatis
363 1005 403 1083 in
424 1004 461 1083 se
481 1007 711 1113 quicquam,
733 1025 801 1086 aut
820 1005 1068 1116 probationis
1085 1008 1171 1087 vim
1184 1008 1288 1088 uliam

142 1115 285 1198 habere
310 1117 531 1196 videretur:
564 1118 605 1194 in
630 1119 794 1197 alteram
816 1116 970 1198 sortasse
996 1137 1159 1226 partem
1181 1120 1288 1229 culpe

143 1231 318 1342 propior,
339 1228 446 1340 quod
466 1227 686 1337 saepiuscule
706 1230 864 1338 ineptiis
882 1257 1046 1340 quoque
1062 1230 1163 1337 ejus,
1182 1251 1221 1312 et
1235 1258 1287 1311 ar·

143 1345 264 1450 gutiis
278 1341 496 1434 tritiffimis,
509 1340 616 1448 quasr
627 1342 884 1449 argumentis,
898 1341 1285 1452 respondendo,idiir

146 1453 318 1534 tribuisse
334 1453 482 1546 videar,
498 1480 578 1559 quo
594 1453 721 1561 dignae
733 1481 811 1533 non
827 1472 950 1534 erant.
1011 1455 1160 1535 Unum
1175 1454 1284 1547 resur,

144 1585 186 1646 et
206 1564 358 1645 sortasse
379 1565 618 1659 maximum,
639 1584 684 1645 ut
702 1593 771 1645 vos
786 1566 1002 1674 quoque,d
1024 1567 1148 1648 Cives
1166 1566 1285 1647 adver·

146 1676 289 1757 sarium
315 1674 423 1755 hunc
447 1675 620 1755 vestrum
649 1678 719 1786 ipsi
744 1677 946 1772 refutetis;
977 1680 1089 1786 quod
1114 1678 1285 1759 nulldrt·

146 1790 252 1869 tione
271 1788 387 1867 video
405 1787 508 1896 posse
526 1787 625 1881 fieri,
647 1789 716 1867 nis1
733 1790 914 1869 omnium
933 1791 1148 1872 maledida
1170 1789 1285 1871 vesun

146 1900 297 2011 optime
319 1898 429 1981 fastis
441 1927 655 2009 exuperare
676 1900 867 2009 perpetuo
879 1903 1139 1984 contendatis.
1197 1902 1286 1982 Voti

144 2015 269 2095 vestra
296 2033 336 2094 et
363 2040 497 2122 preces
520 2013 800 2092 ardentiffimas
826 2015 951 2108 Deus,
980 2041 1078 2095 curn
1108 2013 1285 2094 servitulis

145 2124 249 2206 haud
271 2154 350 2204 uno
370 2151 512 2231 genere
540 2124 723 2232 oppressi,
752 2125 799 2203 ad
829 2153 923 2205 eum
950 2124 1198 2234 confugistis,
1225 2126 1284 2205 be-

147 2237 266 2344 nigne
278 2237 467 2318 exaudiit.
512 2240 613 2344 Qae
628 2236 707 2315 duo
724 2239 764 2314 in
779 2238 859 2316 vita
872 2236 1086 2317 hominum
1098 2240 1202 2319 mala
1213 2234 1286 2317 sani

144 2351 319 2429 maxima
347 2348 448 2442 sunt,
476 2366 516 2426 et
543 2350 679 2427 virtuti
706 2348 1005 2443 damnofiffima,
1034 2352 1231 2457 Tyrannis
1252 2367 1286 2428 et
1327 2414 1329 2423 .

144 2459 377 2570 superstitio,
399 2461 446 2539 iis
465 2487 533 2539 vos
553 2460 734 2565 gentium
748 2462 897 2569 primos
908 2460 1076 2568 gloriose
1093 2461 1284 2555 liberavit;

145 2601 233 2653 eam
254 2574 377 2651 animi
397 2571 712 2678 magnitudinem
733 2572 842 2653 vobis
864 2574 1010 2678 injecit,
1033 2593 1076 2653 ut
1098 2575 1288 2654 devictum

145 2687 263 2764 armis
282 2685 414 2764 vestris
434 2702 473 2761 et
492 2682 720 2762 dedititium
744 2711 879 2792 regem
891 2684 1044 2790 judicio
1067 2687 1219 2795 inclyto
1230 2686 1290 2792 ju·

145 2798 289 2889 dicare,
307 2816 346 2875 et
361 2797 666 2875 condemnatum
682 2797 821 2905 punire
838 2798 958 2906 primi
974 2799 1206 2878 mortalium
1219 2825 1289 2877 non

144 2908 386 2988 dubitaretis.
449 2906 539 2986 Post
559 2905 636 2987 hoc
656 2906 807 2988 facinus
825 2928 905 2988 tam
923 2908 1087 3003 illustre,
1105 2910 1208 2989 nihil
1221 2909 1290 2988 hu·

146 3020 240 3100 mile
255 3040 323 3098 aut
342 3019 566 3126 angustum,
587 3017 688 3099 nihil
708 3048 786 3098 non
812 3048 1002 3128 magnum
1025 3040 1146 3129 atque
1166 3021 1291 3102 excel-

148 3133 232 3212 sum
253 3151 292 3210 et
309 3133 480 3239 cogitare
500 3149 539 3209 et
559 3129 687 3210 facere
711 3131 916 3212 debebitis.
977 3138 1114 3245 Qum
1141 3133 1292 3213 laudem

148 3264 192 3323 ut
221 3244 487 3351 assequamini,
519 3240 592 3321 hac
622 3243 698 3322 sola
728 3245 990 3324 incedendum
1019 3244 1075 3323 est
1093 3247 1174 3340 via,
1199 3247 1225 3325 fi
1255 3262 1294 3323 ut

144 3354 271 3436 hostes
303 3356 406 3434 bello
437 3354 655 3448 domuistis,
688 3356 742 3434 ita
772 3355 1044 3450 ambitionem,
1076 3360 1291 3449 avaritiam,

144 3495 238 3577 opes
258 3486 297 3546 et
316 3466 571 3545 secundarum
592 3495 724 3546 rerum
739 3467 993 3576 corruptelas,
1009 3496 1095 3576 quae
1111 3467 1294 3579 subigunt

141 3598 294 3659 caeteras
313 3597 447 3685 gentes
467 3575 692 3673 hominum,
710 3579 952 3659 ostenderitis
968 3579 1072 3688 posse
1088 3608 1157 3660 vos
1172 3585 1291 3661 etiam

145 3692 314 3770 inermes
335 3690 464 3769 media
485 3691 524 3767 in
538 3718 632 3798 pace
648 3693 830 3770 omnium
847 3692 1075 3771 mortalium
1091 3689 1294 3773 fortiffime

145 3800 338 3881 debellare
353 3831 362 3894 ;
395 3801 437 3893 fi,
457 3803 639 3908 quamin
660 3803 881 3911 repellenda
898 3803 1078 3883 servitute
1095 3801 1296 3884 fortitudi-

146 3941 237 3993 nem
248 3911 629 4021 prestitistis,eamin
640 3913 1082 3994 libertateconservanda
1086 3915 1296 4018 justitiam,

146 4023 784 4135 temperantiam,moderationem
801 4027 1065 4135 praestiteritis.
1116 4028 1197 4108 His
1210 4030 1297 4109 solis

146 4137 386 4247 argumentis
406 4155 445 4215 et
466 4134 695 4217 testimoniis
719 4139 897 4218 evincere
922 4137 1096 4248 potestiS,
1119 4165 1200 4219 non
1225 4140 1298 4221 effe

144 4279 212 4332 vos
234 4250 336 4343 illos,
357 4275 456 4357 quos
476 4245 543 4326 hic
563 4249 714 4356 probris
735 4251 964 4360 insequitur,
988 4249 1217 4345 Perduelles,
1240 4253 1259 4330 l
1278 4296 1299 4314 -

143 4360 460 4468 trones,stcarios,
479 4359 709 4467 parricidas,
717 4362 940 4469 fanaticos,·
972 4390 1050 4442 non
1073 4390 1142 4441 vos
1166 4364 1298 4443 ambi-
