2888 5204
145 162 218 239 182
412 148 502 237 Pro
529 139 714 273 Populo
741 140 1013 271 Anglicano

142 328 214 406 tari
243 326 388 403 Carolo
413 350 492 401 non
518 324 601 400 vis:
633 323 853 430 imputetur
879 349 1006 400 necne
1027 321 1189 414 merito,
1217 345 1279 398 non

141 437 268 516 habeo
280 436 428 528 dicere3
449 432 537 513 satis
548 431 741 543 superque
752 435 802 513 ab
815 461 865 512 eo
876 450 1093 541 peccatum
1104 433 1161 512 est
1174 432 1281 523 domi,

142 577 191 628 ne
210 567 372 627 externa
390 546 569 656 persequi
587 573 749 639 curem;
777 573 917 624 omnes
935 545 1102 625 interim
1124 542 1281 624 ecclefias

141 659 457 771 protestantium,
479 676 678 766 quotquot
701 656 783 736 ullo
808 675 989 766 tempore
1014 657 1053 737 se
1079 674 1215 737 contra
1233 682 1283 734 re·

144 800 214 879 ges
238 770 437 878 religionis
461 769 589 850 hostes
612 770 731 848 armis
759 767 1037 862 defenderunt,
1061 768 1206 849 eodem
1225 794 1285 846 no·
1324 788 1327 793 '

144 886 252 963 mine
279 881 502 961 rebellionis
531 881 707 961 damnas.
766 884 903 1009 Qam
934 876 1286 960 contumeliamab

144 996 307 1075 alumno
327 994 395 1073 suo
415 993 485 1073 fibi
505 993 656 1074 illatam
675 994 814 1100 quanti
828 992 975 1072 interfit
990 993 1042 1072 ad
1052 992 1286 1103 disciplinam

146 1105 458 1197 ecclesiasticam,
484 1104 671 1214 suamque
698 1104 885 1184 ruendam
909 1105 1198 1212 integritatem,
1223 1127 1287 1183 non

146 1219 362 1326 negligere,
384 1215 515 1297 secum
535 1218 607 1327 ipsr
625 1216 827 1324 cogitent:
858 1243 928 1296 nos
946 1218 1072 1296 etiam
1091 1216 1287 1324 Angloser

147 1329 398 1439 expeditione
417 1329 592 1438 proditos
607 1326 745 1408 acerbe
763 1328 939 1408 tulimus.
986 1328 1075 1437 Qi
1088 1329 1199 1408 enim
1211 1350 1285 1433 reg·

147 1469 246 1521 num
266 1441 421 1548 Angliae
435 1444 476 1520 in
495 1439 740 1549 tyrannidem
756 1458 982 1519 convertere
1000 1440 1072 1519 diu
1093 1439 1286 1519 meditatus

148 1573 245 1643 erat,
266 1579 360 1645 non,
381 1552 451 1631 nifi
471 1555 646 1632 extincto
666 1554 774 1660 prius
798 1550 962 1631 militari
985 1552 1143 1631 civium
1165 1550 1286 1631 robore

148 1692 193 1743 ac
206 1664 315 1755 flore,
327 1664 497 1771 cogitata
509 1663 696 1773 perficere
708 1662 746 1743 se
760 1662 863 1775 poffe
875 1662 1151 1746 arbitrabatur.
1179 1657 1286 1743 Aliud

148 1796 230 1855 erat
248 1776 399 1853 crimen
420 1778 522 1882 regis
542 1776 649 1885 quod
669 1804 720 1855 ex
730 1774 983 1882 jurejurando
997 1773 1020 1853 ὲ
1035 1775 1197 1883 regibus
1210 1798 1287 1878 reg·

150 1916 247 1967 num
267 1886 547 1996 capessentibus
562 1888 646 1968 dari
662 1888 776 1968 solito
789 1886 905 1967 verba
917 1887 1097 1995 quadam
1110 1886 1193 1993 ejus
1197 1882 1285 1991 jussu

148 2000 251 2080 erasa
274 1998 435 2094 fuerint,
455 2020 668 2109 antequam
686 1998 857 2105 jurasset.
921 2000 960 2077 Ο
990 1997 1146 2078 facinus
1171 1995 1286 2102 indig-

149 2141 247 2192 num
266 2132 306 2191 et
326 2112 612 2192 execrandum!
644 2114 818 2222 impium
837 2111 908 2219 qui
927 2110 1038 2204 fecit,
1052 2110 1154 2219 quid
1171 2109 1286 2189 dicam

148 2227 219 2331 qui
243 2223 446 2303 defendit?
482 2253 574 2303 nam
599 2252 685 2332 quae
709 2223 854 2333 potuit,
879 2251 950 2332 per
967 2224 1106 2302 Deum
1135 2223 1288 2301 immor·

151 2336 287 2427 talem,
311 2364 396 2442 quae
423 2336 601 2446 perfidia,
629 2355 695 2414 aut
725 2336 824 2441 juris
854 2334 1013 2414 violatio
1043 2333 1119 2414 efi'e
1151 2329 1287 2438 major?

150 2445 247 2553 quid
268 2447 325 2525 illi
346 2446 510 2528 sanctius
531 2448 616 2556 post
636 2445 880 2527 sacratissima
900 2445 1102 2553 religionis
1120 2441 1289 2552 mysteria

150 2558 220 2637 illo
228 2556 481 2662 jurejurando
500 2561 574 2638 effe
594 2559 757 2638 debuit?
797 2560 899 2667 Qis
919 2556 1046 2667 quaeso
1066 2557 1289 2644 sceleratior,

150 2669 230 2748 isne
250 2671 319 2775 qui
336 2671 375 2747 in
396 2669 526 2777 legem
548 2691 696 2779 peccat,
717 2699 765 2751 an
786 2672 856 2779 qui
876 2670 1007 2750 secum
1028 2670 1161 2778 legem
1182 2666 1290 2777 ipsam
1327 2722 1329 2773 Ι

152 2800 195 2859 ut
214 2808 375 2890 peccare
397 2779 513 2861 faciat
533 2785 598 2862 dat
617 2784 806 2893 operam?
835 2801 902 2862 aut
921 2782 1091 2890 denique
1105 2779 1229 2889 ipsam
1242 2778 1293 2856 le-·
1327 2782 1329 2791 '

151 2920 243 2999 gem
265 2893 368 2972 tollit
393 2921 440 2972 ne
465 2894 635 3004 peccasse
656 2896 862 2974 videatur?
920 2893 1124 3001 Agedum,
1138 2892 1204 2998 jus
1226 2887 1292 2968 hoc

154 3003 655 3111 religiosrffimejurandum
675 3034 743 3084 rex
768 3007 836 3086 iste
857 3006 1042 3098 violavit3
1073 3005 1138 3085 sed
1163 3032 1212 3083 ne
1235 3028 1294 3112 pa-

152 3115 232 3196 lam
273 3137 402 3197 tamen
442 3116 594 3196 violasse
629 3117 839 3211 videretur,
874 3117 1094 3227 turpillimo
1129 3116 1296 3224 quodam

153 3230 345 3309 adulterio
365 3257 436 3337 per
455 3229 590 3308 dolum
608 3231 806 3338 corrupit;
837 3248 877 3308 et
892 3257 940 3308 ne
958 3228 1137 3338 pejerfifie
1153 3229 1298 3309 dicere-

151 3360 228 3435 tur,
243 3342 307 3444 jus
327 3341 456 3450 ipsum
469 3340 685 3443 jurandum
704 3342 745 3419 in
766 3342 983 3449 perjurium
999 3341 1129 3421 vertit.
1193 3338 1300 3455 Qid

150 3452 257 3532 aliud
286 3454 417 3559 potuit
453 3453 610 3561 sperari,
640 3452 709 3530 nifi
746 3452 1002 3557 injustiffimb,
1031 3452 1301 3545 versutiffime,

150 3582 267 3671 atque
288 3562 547 3644 infelicissime
572 3583 828 3671 regnaturum
854 3565 928 3644 esse
953 3592 1061 3657 eum,
1080 3565 1152 3672 qui
1171 3563 1222 3643 ab
1243 3566 1302 3644 in-

144 3674 249 3778 juria
269 3692 350 3753 tarn
374 3675 596 3755 detestanda
621 3675 837 3784 auspicatus
863 3704 1030 3784 regnum
1057 3675 1138 3770 est;
1163 3675 1305 3785 jusque

151 3785 248 3864 illud
270 3787 446 3894 primum
466 3787 682 3868 adulterare
702 3789 876 3881 auderet,
896 3789 1003 3896 quod
1023 3788 1151 3868 solum
1175 3787 1305 3898 impe-

150 3897 327 3978 dimento
349 3897 417 3976 fibi
434 3896 532 3992 fore,
547 3928 596 3978 ne
603 3900 691 4005 jura
707 3902 841 3980 omnia
855 3917 1106 4009 perverteret,
1124 3899 1303 4009 putabat.

149 4013 206 4089 At
236 4010 344 4089 enim
371 4011 649 4092 Sacramentum
676 4012 787 4109 illud,
810 4014 860 4093 fic
884 4015 991 4092 enim
1017 4010 1213 4105 defendis,
1238 4040 1308 4092 non

148 4122 266 4230 magis
289 4120 451 4228 obligare
470 4151 573 4229 reges
588 4124 717 4232 potest,
737 4123 847 4233 qudm
871 4125 988 4230 leges,·
1020 4123 1161 4231 legibus
1182 4142 1308 4205 autem

135 4235 181 4338 st
200 4233 385 4315 devinciri
394 4234 487 4313 velle
500 4253 588 4342 prae
594 4236 640 4342 st
644 4236 802 4342 serunt,
819 4254 855 4316 et
861 4234 1067 4341 stcundum
1082 4265 1145 4314 eas
1160 4234 1307 4327 vr'arere,

147 4375 228 4426 cum
247 4365 368 4426 tamen
392 4375 528 4426 revera
553 4347 831 4452 ir'ssolutistnt.
894 4350 1205 4456 Qemquamne
1228 4369 1308 4428 tarn
