2888 5204
403 543 643 644 Defensro.
684 553 801 680 Cap.
834 582 878 672 3.
1162 593 1213 671 59

56 748 126 799 rex
156 718 387 816 hominum,
426 750 506 802 non
540 721 723 803 homines
754 723 907 829 tyranni
937 722 1074 830 legum
1113 723 1211 808 sunt.

56 831 214 913 Eadem
233 835 455 915 Aristotelis
472 834 659 915 sententia
676 835 716 914 in
733 834 925 928 Politicis,
937 834 1076 914 eadem
1093 835 1212 915 Cice-

55 945 164 1027 ronis
188 947 230 1025 in
250 946 420 1055 legibus,
451 948 506 1026 ita
530 947 637 1055 leges
656 945 808 1055 praeeffe
835 946 1139 1052 magistratibus,
1168 968 1212 1029 ut

57 1057 309 1166 magistratus
327 1058 494 1168 praesunt
512 1058 676 1168 populo.
737 1059 846 1137 Cum
859 1058 992 1166 itaque
1013 1058 1212 1188 sapientis-

56 1169 297 1251 limorum
259 1199 436 1252 virorum
442 1171 595 1277 judicio
607 1168 991 1280 prudentiffimarum
1006 1172 1211 1252 civitatum

55 1280 246 1364 institutis
271 1283 337 1364 lex
364 1283 516 1393 semper
535 1283 702 1392 potestas
722 1281 874 1362 summa
894 1301 1012 1390 atque
1031 1283 1212 1392 suprema

56 1390 194 1475 habita
206 1395 270 1488 fit,
282 1423 354 1477 nec
369 1394 563 1503 evangelii
574 1396 749 1475 doctrina
763 1421 857 1474 curn
873 1394 1022 1474 ratione
1037 1415 1104 1474 aut
1117 1423 1212 1476 cum

52 1505 141 1610 jure
166 1507 352 1615 gentium
376 1527 541 1617 pugnet,
571 1508 603 1587 is
628 1508 766 1615 utique
796 1506 1049 1635 potestatibus
1078 1505 1212 1616 super·

56 1619 326 1700 eminentibus
345 1618 539 1699 veriffime
565 1617 757 1724 subjeetus
780 1618 869 1710 erit,
897 1620 966 1725 qui
995 1618 1147 1726 legibus
1173 1638 1212 1699 et

57 1730 473 1839 magistratibusjuxta
487 1732 593 1838 leges
608 1730 826 1839 Rempubl.
840 1729 1147 1838 gubernantibus
1161 1759 1212 1811 ex

57 1842 194 1922 auimo
214 1862 338 1953 paret.
398 1844 495 1924 Non
511 1870 607 1955 ergo
623 1840 751 1922 solum
767 1842 917 1971 populo
932 1841 1212 1948 subjectionem

57 1952 174 2047 hanc,
188 1953 255 2035 sed
266 1954 424 2064 regibus
442 1957 564 2036 etiam
583 1955 781 2065 praecipit;
803 1982 874 2062 qur
863 1952 1001 2062 supra
1020 1955 1126 2062 leges
1142 1984 1211 2036 ne-

58 2094 264 2175 quaquam
282 2067 384 2148 sunt.
444 2069 533 2148 Non
550 2065 600 2176 est
617 2066 710 2147 enim
728 2067 885 2176 potessas
903 2065 1010 2171 νῇ
987 2096 1013 2145 α
1033 2068 1140 2160 Deo,·
1171 2068 1211 2148 id

54 2179 113 2259 est
130 2178 244 2259 nulla
262 2179 418 2288 reipub.
435 2177 579 2274 forma,
599 2180 707 2259 nulla
725 2178 908 2259 homines
927 2181 1090 2285 regendi
1108 2179 1210 2286 legi-

60 2292 160 2371 tima
176 2291 292 2372 ratio.
350 2291 640 2399 Antiquiffimae
658 2292 779 2371 etiam
804 2291 910 2397 leges
932 2291 981 2370 ad
1005 2289 1212 2371 authorem

60 2404 200 2483 Deum
219 2403 320 2483 olim
338 2402 628 2499 referebantur3
650 2403 706 2483 est
725 2403 833 2482 enim
849 2404 929 2494 lert,
947 2420 991 2481 ut
1007 2402 1181 2482 Cicero
1170 2430 1211 2482 1n

61 2515 211 2624 Philip
232 2540 295 2595 ra.
310 2513 412 2595 nihil
430 2516 538 2595 aliud
556 2516 627 2595 nifi
646 2519 750 2594 reeta
764 2533 804 2594 et
817 2544 839 2594 a
853 2514 1016 2593 numine
1030 2516 1212 2595 Deorum

59 2631 182 2707 uasta
204 2628 320 2721 ratio,
345 2628 542 2737 imperans
567 2625 743 2720 honesta,
768 2614 979 2736 prohibens
1001 2629 1210 2708 contraria.

57 2740 95 2818 A
117 2741 243 2819 Deo
233 2740 355 2848 rgitur
375 2741 433 2820 est
454 2741 754 2848 magistratuum
777 2738 985 2832 institutio,
1009 2758 1211 2820 uteorum

58 2851 396 2932 administratione
424 2879 520 2960 gens
548 2850 722 2932 humana
756 2851 825 2931 sub
854 2850 1008 2958 legibus
1036 2853 1209 2934 viveret:

57 2960 165 3045 hanc
189 2982 323 3044 autem
340 2964 406 3044 vel
428 2964 538 3044 illam
560 2964 905 3044 administrationis
928 2961 1114 3057 formam,
1140 2961 1212 3045 hos

58 3076 124 3156 vel
143 3075 234 3156 illos
252 3076 499 3184 magistratus
518 3076 692 3185 eligendi
710 3077 821 3184 optio
840 3075 979 3183 procul
998 3075 1121 3156 dubio
1141 3105 1211 3185 pe-

59 3216 129 3269 nes
161 3188 303 3269 liberas
334 3186 547 3268 hominum
572 3189 748 3267 nationes
775 3188 927 3295 semper
952 3185 1042 3266 fuit.
1101 3188 1212 3270 Hinc

61 3300 202 3381 Petrus
219 3319 262 3381 et
273 3302 415 3409 'regem
434 3319 475 3381 et
497 3299 672 3409 praesrdes
689 3299 890 3406 ἀνθρωπίνην
914 3297 1041 3393 κτίσιν,
1068 3297 1211 3380 huma-

60 3437 157 3491 nam
175 3414 415 3492 creationem
428 3431 564 3505 vocat;
586 3430 626 3491 et
646 3411 777 3492 Hosea
796 3439 832 3494 c.
849 3411 888 3491 8.
909 3409 1131 3519 constituunt
1150 3442 1213 3493 re·
1332 3462 1337 3467 -

55 3542 274 3631 ges,atnon
287 3554 334 3605 ex
344 3553 418 3616 me,·
433 3523 650 3632 praeficiunt
661 3524 850 3633 principes
862 3552 948 3631 quos
962 3552 1032 3601 non
1046 3523 1210 3629 agnosco.

62 3636 113 3715 In
123 3634 197 3715 ista
208 3636 318 3716 enim
332 3636 410 3716 sola
424 3636 685 3715 Hebraeorum
700 3635 852 3743 republ.
868 3635 937 3714 ubi
946 3635 1083 3715 Deum
1097 3637 1212 3716 variis

60 3747 192 3827 modis
214 3747 414 3828 consulere
437 3766 631 3856 poterant,
655 3748 704 3828 de
729 3749 831 3856 regis
864 3747 1131 3827 nominatione
1162 3749 1212 3828 ad

61 3860 203 3939 Deum
223 3859 359 3941 referri
373 3888 424 3940 ex
439 3860 527 3967 lege
542 3859 771 3968 oportebat:
793 3879 937 3939 caeterae
950 3878 1086 3966 gentes
1099 3889 1211 3940 man-

60 3972 202 4052 datum
231 3968 254 4051 l
285 3971 375 4051 Deo
399 3971 555 4051 nullum
583 3970 801 4052 istiusmodi
825 3972 1063 4078 accepimus.
1122 3972 1225 4053 Ali-'

60 4084 219 4192 quando
234 4102 303 4163 aut
321 4083 402 4192 ipsa
420 4084 624 4192 regiminis
639 4081 768 4163 forma
786 4084 813 4162 fi
833 4083 969 4163 vitiosa
989 4082 1048 4177 sat,
1064 4104 1132 4165 aut
1151 4085 1211 4165 illi

59 4197 133 4303 qui
152 4195 387 4305 potestatem
407 4195 600 4289 obtinent,
625 4215 665 4274 et
688 4195 736 4275 ab
760 4193 1003 4289 hominibus,
1027 4215 1067 4276 et
1085 4195 1108 4276 a
1127 4199 1210 4279 dia-

61 4306 158 4388 bolo
176 4306 279 4400 sunt,
300 4309 400 4387 Luc.
417 4333 458 4411 4.
494 4307 578 4387 Tibi
595 4305 686 4387 dabo
708 4306 920 4416 potestatem
941 4309 1038 4388 hanc
1062 4338 1210 4406 omnem,

60 4448 151 4500 nam
167 4419 263 4501 mihi
276 4417 424 4500 tradita
442 4420 504 4529 est,
519 4439 557 4500 et
575 4420 639 4499 cui
650 4421 730 4500 volo
741 4417 850 4499 dotll
812 4420 820 4435 '
803 4420 917 4501 tll.am
974 4420 1086 4501 Hinc
1101 4423 1211 4531 prin·

58 4558 155 4660 ceps
173 4530 291 4637 hujus
311 4532 450 4612 mundi
468 4531 627 4625 dicitur,
652 4550 692 4612 et
710 4532 879 4641 Apocal.
906 4559 969 4639 13.
991 4532 1100 4613 dedit
1119 4533 1212 4613 Bes·

60 4644 127 4725 tiae
139 4645 277 4724 Draco
295 4645 513 4753 potentiam
532 4644 655 4738 suam,
671 4663 712 4723 et
723 4645 912 4724 thronum
931 4644 1058 4738 suum,
1079 4663 1120 4724 et
1138 4673 1212 4753 po-

59 4755 245 4837 testatem
257 4782 458 4864 magnam.
505 4751 716 4865 Propterea
731 4756 878 4837 neceffe
893 4756 948 4836 est
964 4753 1030 4836 hic
1045 4755 1214 4865 intelligi
