2888 5204
150 169 225 252 132
424 136 514 226 Pro
541 129 725 264 Populo
753 128 1019 264 Anglicano

144 304 241 399 cido,
260 305 403 415 ideoque
418 307 503 388 vito
506 309 668 417 privari
679 337 748 388 non
759 308 876 403 debet,
889 309 977 418 quio
989 337 1070 388 cnm
1086 308 1171 387 vito
1184 335 1276 414 regno
1339 379 1340 383 ,

144 445 282 527 quoque
298 435 524 512 exueretur,·
553 435 598 500 ot
614 448 799 530 nunquam
817 420 978 529 hocfuit
989 419 1189 548 probatum
1203 418 1278 525 legi·

146 528 215 609 bus
233 527 370 608 ditoinis
387 548 457 610 ont
475 531 657 626 humanis,
673 550 717 611 ut
735 531 870 642 duplex
888 530 1057 611 vinditio
1075 529 1119 612 de
1133 560 1203 611 uno
1217 527 1281 610 cri·

145 639 473 747 minestemeretur.
534 644 594 722 Os
611 644 816 753 impurum
831 663 871 724 et
883 641 1053 723 infame!
1083 643 1222 724 eadem
1233 667 1282 721 ra·

147 752 253 831 tione
280 780 353 832 nec
381 755 589 864 populares
613 755 874 863 magistratus,
900 781 972 834 nec
998 755 1226 864 optimates,
1244 778 1283 832 ue

148 861 298 972 duplici
314 892 429 972 poena
443 867 704 961 afficerentur,
721 894 769 946 ne
779 867 904 973 judex
916 866 1096 975 quidem,
1112 883 1182 946 aut
1193 863 1284 944 sena·

149 992 225 1068 tor,
246 974 456 1083 flagitiosus
476 1005 608 1087 poenas
628 979 756 1087 capite
772 979 869 1058 ullas
888 976 1107 1088 persolvere
1119 975 1284 1067 debebin

148 1113 241 1166 cum
261 1087 342 1167 vita
361 1089 469 1168 enim
488 1108 527 1169 et
546 1089 696 1198 ipfisuo
708 1089 935 1199 magistratu
948 1090 1210 1197 privarentur.
1237 1086 1288 1165 Ut

147 1199 396 1306 potestatem,
417 1201 469 1280 fic
488 1200 729 1305 majestatem
748 1203 869 1282 etiam
894 1200 1044 1311 populo
1065 1201 1241 1280 adimere
1256 1214 1290 1276 et

149 1336 284 1419 regem
296 1310 473 1392 conferre
486 1312 633 1407 studeo
653 1313 839 1393 vicariam
852 1312 879 1392 fi
893 1313 951 1393 vis
963 1332 1003 1392 et
1014 1310 1290 1401 transsatitiam,
1336 1308 1338 1315 ’

147 1423 379 1529 primariam
393 1423 498 1503 certe
515 1452 594 1503 non
610 1444 735 1533 potes,
752 1424 811 1504 uti
826 1451 899 1506 nec
914 1424 1162 1533 potestatem.
1210 1420 1293 1503 Cri·

147 1561 242 1625 men,
269 1535 413 1642 inquis,
439 1535 639 1644 majestatis
663 1565 734 1616 non
749 1537 866 1645 potest
891 1535 1113 1617 committere
1138 1563 1212 1615 rex
1231 1531 1294 1615 ad·

148 1643 278 1751 verfies
295 1646 472 1754 populum
481 1647 623 1752 steum3
651 1648 769 1757 potest
792 1666 916 1728 autem
938 1647 1104 1757 populus.
1121 1643 1297 1752 adversus

146 1783 282 1863 regem.
341 1760 396 1837 Et
415 1776 547 1839 tamen
560 1787 631 1839 rex
644 1778 806 1870 propter
819 1760 1016 1870 populum
1026 1757 1221 1839 duntaxat
1231 1782 1297 1838 rex

59 1862 67 1881 ‘
148 1866 218 1962 est,
232 1895 311 1947 non
323 1870 493 1978 populus
505 1890 665 1982 propter
677 1898 826 1980 regem.
887 1870 1062 1980 Populus
1073 1870 1199 1978 igitur
1212 1868 1300 1949 uni-

149 1979 278 2060 versus
296 2000 363 2061 aut
381 2009 469 2091 pars
490 1983 614 2089 major
632 1983 721 2092 plus
747 1983 899 2091 semper
917 2009 1010 2091 rege
1032 1981 1151 2061 debet
1170 1979 1300 2109 polle:

149 2118 282 2199 negas,
304 2112 344 2174 et
362 2093 532 2174 calculos
551 2097 666 2204 ponis
678 2097 768 2204 plus
779 2094 895 2205 potest
913 2092 1191 2204 qulmſsngnlo,
1209 2090 1302 2185 biti,

148 2205 263 2300 terni,
281 2204 377 2299 deni,
398 2206 552 2300 centeni,
564 2207 715 2301 milleni,
732 2206 846 2287 decies
857 2205 1005 2287 milleni.
1053 2204 1162 2284 Esto.
1207 2204 1305 2285 Plus

149 2313 259 2424 quim
280 2315 430 2396 dimidio
453 2334 550 2425 pors
573 2319 714 2428 populi.
774 2319 872 2398 Non
898 2343 1089 2426 repugno.
1148 2313 1257 2425 Μ
1261 2315 1308 2421 st

147 2428 305 2507 alterius
322 2427 481 2508 dimidiae
494 2448 592 2539 pars
609 2434 733 2510 altero
751 2429 919 2521 accedat,
937 2456 1058 2511 onnon
1076 2425 1202 2509 adhuc
1212 2427 1305 2538 plus

142 2537 319 2646 poterit?
348 2541 539 2621 Minime
572 2541 834 2649 Progredere3
865 2542 961 2650 quid
977 2539 1106 2621 aufers
1117 2537 1303 2632 abacum,

149 2650 379 2757 peritiffime
399 2653 574 2758 Logista,
595 2682 644 2733 an
665 2653 973 2764 progreffionem
992 2648 1305 2733 Arithmeticam

151 2787 229 2839 non
249 2763 390 2842 calles?
448 2766 580 2845 Vertit
600 2767 782 2859 rationes,
802 2783 843 2845 et
864 2794 984 2845 onnon
1007 2792 1076 2845 rex
1097 2792 1181 2844 cum
1205 2763 1305 2872 opti-

149 2872 310 2953 motibus
325 2875 414 2981 plus
430 2877 621 2984 potestatis
646 2877 796 2971 habent,
820 2876 982 2986 quaerit.;
1012 2876 1158 2957 iterum
1183 2900 1305 2982 nego,

151 2984 387 3081 Vertumne,
418 2989 446 3066 fi
476 3016 548 3098 pro
577 2988 833 3098 optimatibus
866 3015 1045 3099 proceres
1076 2986 1303 3095 intelligam

152 3099 341 3202 quoniam
361 3100 535 3179 accidere
553 3101 693 3211 potest,
713 3119 759 3181 ut
778 3127 896 3181 nemo
915 3101 1017 3180 inter
1038 3127 1104 3180 eos
1129 3099 1308 3208 optima·

152 3209 200 3288 tis
229 3213 389 3290 nomine
420 3212 465 3290 fit
493 3213 659 3320 dignus:
703 3211 748 3290 fit
780 3213 900 3292 etiam
928 3207 1078 3321 saepilts,
1098 3227 1144 3289 ut
1172 3211 1306 3290 multo

150 3320 282 3427 plures
301 3324 350 3401 de
369 3322 485 3432 plebe
505 3323 592 3418 fint,
612 3324 682 3432 qui
696 3324 841 3404 virtute
860 3342 900 3403 et
920 3322 1105 3432 sapientiai
1121 3348 1307 3432 proceres

153 3434 399 3527 antecellant,
428 3435 572 3543 quibus
600 3463 694 3514 cum
722 3463 809 3544 pars
837 3436 976 3545 populi
998 3433 1123 3540 major
1142 3433 1205 3513 vel
1229 3461 1307 3542 po-

154 3542 230 3621 tior
248 3546 413 3639 accedit,
439 3575 505 3625 eos
529 3547 695 3626 universr
719 3546 857 3657 populi
878 3546 995 3627 instar
1016 3545 1091 3625 else
1109 3540 1219 3625 haud
1239 3571 1309 3625 ve·

153 3681 237 3733 rear
254 3656 397 3737 dicere.
457 3661 518 3737 At
523 3659 568 3763 st
574 3659 663 3767 plus
682 3687 790 3768 quom
810 3659 975 3765 univerſs
989 3686 1058 3739 non
1070 3656 1202 3767 potest,
1218 3683 1307 3763 ergo

153 3795 223 3845 rex
249 3768 323 3846 erit
355 3786 503 3848 tontum
522 3769 772 3877 singulorum,
808 3800 878 3852 non
911 3770 1065 3850 omnium
1106 3766 1307 3878 uniuerſsm

139 3877 390 3984 stemptorum,
416 3879 535 3975 retiis,
561 3883 632 3961 nisr
655 3882 727 3991 ipfi
746 3882 956 3962 voluerint.
1017 3879 1206 3961 Rationes
1218 3877 1307 3984 jam

153 3987 382 4088 subducit03
412 3995 630 4102 comperies
647 4014 684 4072 te
701 3993 884 4105 imperite
901 3988 1147 4102 supputando
1159 3990 1307 4070 sortem

151 4101 372 4212 perdidiss'e.
431 4106 581 4186 Dicunt
599 4106 726 4214 Angli
738 4123 849 4214 penes
863 4106 1038 4214 populum
1045 4102 1116 4210 jus
1132 4100 1307 4210 majesta-

150 4213 202 4294 tis
219 4243 266 4295 ex
289 4215 429 4323 origine
453 4235 489 4297 et
515 4236 658 4298 notura
680 4217 848 4322 residere,
868 4217 935 4297 hoc
959 4213 1120 4323 veriest
1147 4214 1308 4295 omnium

135 4327 309 4435 statuum
332 4327 544 4432 eversionem
567 4328 751 4410 inducere.
812 4329 997 4409 Etiamne
1029 4326 1307 4420 Aristocratiae,
