2888 5204
1321 44 1350 219 i

141 333 392 445 gubernando,
413 350 591 442 quantum
620 351 777 413 creatur
806 330 967 413 cladium
995 360 1042 411 ex
1061 327 1283 438 sedr'tionilus
1343 340 1348 347 '

147 478 230 559 qua·
246 445 300 529 ad
321 474 400 527 eum
419 442 612 526 tollendum
622 443 879 552 sttscitantur.
940 443 1057 554 Qid
1074 441 1154 523 hoc
1171 441 1218 523 ad
1233 441 1286 548 jur

149 586 291 666 regum
304 557 505 637 naturale?
564 558 632 635 An
648 557 827 637 finatura
836 584 902 636 me
916 573 1072 650 monet,
1083 572 1133 636 ut
1146 552 1288 635 latroni·

149 671 222 750 bus
240 669 509 779 diripiendum
529 696 594 747 me
614 669 861 777 permittam,
880 688 925 749 ut
942 686 1109 778 captum
1131 694 1198 747 me
1213 663 1291 747 totit

152 780 401 861 facultatibus
430 782 625 861 redimam
650 782 798 889 potius,
825 809 949 890 quam
973 797 1019 859 ut
1044 778 1234 859 dimicare
1250 774 1293 857 de

151 894 232 973 vita
249 920 381 1001 cogar,
398 893 597 974 latronum
616 911 659 972 tu
679 893 771 972 inde
784 891 850 997 jus
873 891 1049 974 naturale
1069 886 1293 972 conslituerl

152 1005 286 1086 suadet
308 1023 444 1085 natura
467 1003 630 1115 populo,
650 1023 696 1084 ut
719 1023 976 1112 tyrannorum
993 1002 1195 1084 violentie
1210 1026 1297 1083 nou·

155 1144 358 1227 nunquam
370 1117 495 1210 cedat,
511 1115 623 1196 cedat
639 1117 884 1227 temporibus
897 1147 908 1212 ς
939 1134 984 1197 tu
998 1115 1070 1195 istd
1084 1114 1227 1225 populi
1237 1138 1299 1193 ne·

154 1228 322 1311 ceffitate
342 1257 386 1310 ac
411 1228 599 1337 patienti&
620 1226 685 1332 jus
709 1229 831 1308 etiam
855 1228 1029 1310 naturale
1051 1244 1301 1336 tyrannorum

155 1340 364 1421 fundabis?
411 1340 533 1452 Qud
545 1338 613 1418 illa
621 1339 687 1445 jus
699 1340 851 1450 populo
864 1339 922 1421 sui
933 1336 1192 1420 conservandi
1200 1334 1302 1420 causa

155 1452 279 1546 dedit,
306 1471 349 1532 tu
377 1451 493 1531 illum
527 1470 690 1557 tyranno
718 1451 908 1561 perdendi
933 1451 1075 1561 populi
1103 1449 1225 1533 causa
1244 1448 1304 1557 jur

157 1563 264 1643 idem
290 1561 432 1643 dedisse
459 1562 696 1642 affirmabis?
755 1565 888 1644 Docet
916 1583 1053 1645 natura
1079 1590 1133 1644 ex
1159 1560 1304 1645 duobus

158 1674 286 1768 malis,
301 1674 530 1780 eligendum
546 1673 619 1755 elle
635 1674 791 1769 minus3
822 1694 862 1756 et
873 1676 1066 1784 quamdiu
1079 1671 1303 1765 necesseest.
1345 1718 1348 1723 ·

159 1785 429 1880 tolerandum;
459 1813 508 1865 an
529 1804 572 1866 tu
591 1785 685 1866 hinc
705 1805 885 1894 tyranno,
905 1806 1043 1898 utpote
1061 1787 1213 1870 minori
1229 1782 1305 1867 sor-

158 1898 248 1978 tasse
263 1899 464 1979 interdum
479 1898 600 1993 malo,
613 1899 679 2007 jus
695 1897 859 2009 impune
875 1897 1154 1979 malefaciendi
1168 1895 1306 1981 exoriri

159 2011 333 2091 naturale
346 2011 513 2092 statues?
536 2010 758 2091 Recordare
772 2010 909 2092 saltem
921 2039 967 2092 ea
977 2039 1066 2120 quae
1070 2011 1307 2123 jampridem

159 2122 240 2312 ipse
266 2123 314 2203 de
342 2122 546 2233 Episcopis
571 2141 707 2203 contra
734 2123 949 2229 Lojolitam
979 2122 1177 2233 scripsisti,
1201 2120 1226 2203 l
1246 2146 1307 2251 me

147 2232 1307 2459 lazurrrrnurblrtutrurdt

161 2458 264 2565 longe
275 2457 393 2537 levius
411 2457 475 2567 affe
485 2458 622 2539 malum
632 2458 813 2566 affirmas,
827 2458 1020 2568 qudmsub
1033 2489 1103 2542 uno
1113 2456 1310 2541 menania

162 2588 319 2680 tyranno
350 2587 491 2650 certam
518 2568 699 2677 mfiriam
726 2599 774 2652 ac
796 2572 1011 2680 perniciem.
1070 2573 1127 2652 Et
1149 2598 1244 2653 vera
1269 2587 1309 2649 tu

160 2683 324 2791 quidem
349 2680 592 2776 affirmabas3
625 2682 803 2762 nondum
827 2684 937 2763 enim
959 2683 1192 2778 insaniebat,
1212 2707 1307 2763 non·

162 2795 258 2876 dum
291 2794 486 2875 Carolinis
517 2793 705 2898 Jacobaeis
736 2794 921 2876 delinitus
946 2814 987 2875 et
1025 2795 1234 2877 deauratus
1270 2794 1309 2873 iu

164 2907 351 2987 morbum
377 2906 534 3015 regium
564 2907 770 2987 incideres.
830 2908 1020 2987 Dicerem
1048 2904 1221 3002 fortusse,
1244 2902 1311 2987 nili

165 3021 197 3100 is
224 3018 316 3099 esses
333 3018 404 3126 qui
422 3047 475 3111 es,
498 3018 644 3127 pudeat
664 3036 701 3097 te
722 3019 881 3099 tandem
900 3020 1228 3130 praevaricationis
1242 3036 1313 3099 tuoe

167 3130 422 3241 turpiffimae;
472 3130 547 3210 tibi
580 3128 673 3209 verb
706 3128 884 3242 dirumpi
917 3130 1071 3212 facilius
1105 3130 1163 3211 est
1196 3126 1314 3239 quim

167 3243 405 3337 erubescere,
433 3242 503 3349 qui
532 3261 577 3322 ut
606 3269 691 3322 rem
722 3239 883 3338 faceres,
914 3244 1109 3355 pudorem
1134 3242 1223 3349 jam
1247 3241 1313 3321 diu

167 3356 339 3437 amifisti.
398 3357 545 3434 Annon
575 3353 656 3464 ipse
686 3355 920 3436 memineras
944 3358 1149 3437 Romanos
1173 3353 1315 3435 floren-

168 3469 353 3548 tiffimam
387 3484 427 3545 et
465 3465 777 3573 gloriofiffimam
809 3467 1011 3575 Rempub.
1044 3466 1132 3576 post
1159 3469 1316 3547 exactos

168 3605 278 3686 reges
307 3574 506 3659 habuisse?
548 3578 679 3687 potuit
707 3578 791 3659 fieri
820 3597 866 3659 ut
894 3580 1132 3659 Batavorum
1160 3574 1317 3660 oblivis·

167 3692 326 3773 cerere?
369 3716 541 3796 quorum
570 3689 724 3797 respub.
755 3689 1039 3800 Hispaniarum
1073 3717 1167 3799 rege
1208 3686 1317 3800 pulso

143 3801 257 3913 post
291 3801 394 3883 bella
426 3801 594 3895 diutina,
628 3799 798 3883 feliciter
838 3821 970 3883 tamen
1004 3801 1125 3910 gesta,
1160 3802 1318 3883 liberta·

171 3933 253 3995 tem
272 3913 425 3996 sortiter
448 3931 489 3993 et
512 3912 677 4020 gloriose
696 3913 933 4022 consequuta
956 3913 1025 4009 est,
1051 3931 1169 4023 teque
1187 3941 1320 4022 gram·

169 4027 436 4108 maticastrum
456 4027 648 4134 Equitem
668 4026 861 4135 stipendio
883 4027 954 4107 alit
972 4026 1055 4118 su0,
1080 4053 1161 4105 non
1187 4044 1235 4107 ut
1253 4025 1319 4131 ju·

171 4160 310 4221 ventus
325 4138 507 4219 Batavica
527 4157 564 4219 te
578 4139 868 4248 pravaricatore
883 4156 924 4218 et
938 4136 1105 4328 sophistd
1121 4156 1206 4217 tam
1220 4134 1320 4218 nibil

170 4253 300 4365 sapere
325 4250 459 4345 discat,
491 4269 536 4331 ut
569 4251 618 4330 ad
653 4250 878 4331 servitutem
903 4251 963 4330 Hi
980 4249 1165 4360 panicam
1194 4248 1321 4331 redire

171 4368 322 4462 mallet,
335 4392 459 4475 quam
477 4381 646 4477 paternae
664 4363 854 4445 libertatis
873 4390 919 4445 ac
937 4361 1072 4471 gloria
1090 4358 1214 4443 haeres
1233 4359 1321 4455 elle,

144 173 194 275 98
425 161 518 253 Pro
542 152 730 288 Populo
755 151 1027 285 Anglicano
