2888 5204
489 486 732 590 Defensio.
770 492 891 626 Cap.
922 520 968 617 5.
1016 507 1019 512 '
1235 535 1311 618 103

150 666 240 776 quis
250 694 334 749 non
345 669 581 779 pudendum
593 688 636 752 et
649 670 964 781 indigniffimum
974 670 1049 752 effe
1062 669 1311 768 dicat,hunc,

151 780 216 860 vel
234 800 320 862 tam
341 783 483 863 rudem
501 803 542 864 et
556 784 761 864 indoctum
779 803 885 864 tanta
899 812 993 864 cum
1008 782 1173 865 infamia
1188 783 1311 865 bona-

150 919 241 974 rum
269 893 479 976 literanum
506 923 579 1006 pro
598 895 817 976 doctiffimo
840 893 1094 977 circumferre
1120 897 1156 976 se
1184 898 1342 982 tumim

150 1004 266 1099 dum,
282 1024 324 1087 et
344 1006 535 1117 stipendia
545 1035 688 1115 regum
700 1026 739 1088 et
751 1009 957 1089 civitatum
969 1008 1134 1103 ambire,
1146 1008 1210 1088 vel
1228 1027 1309 1089 tam

150 1115 388 1227 improbum
404 1138 447 1199 et
464 1119 714 1213 mendacem,
730 1147 810 1201 non
827 1121 969 1229 infigni
984 1120 1115 1229 aliqud
1135 1122 1309 1227 ignomi-

152 1228 510 1327 denotatum
532 1234 717 1312 omnium
744 1234 1030 1313 communitate
1050 1250 1091 1312 et
1114 1231 1308 1313 consortio

151 1356 238 1420 tum
250 1340 464 1423 domorum
479 1361 566 1425 tum
582 1344 778 1425 bonorum
793 1343 1062 1424 exterminari.
1094 1343 1308 1452 Postquam

151 1452 379 1563 AEgyptum
403 1454 668 1549 lustravimus,
691 1456 740 1535 ad
768 1454 978 1565 AEthiopes
993 1455 1080 1561 jam
1103 1457 1307 1565 proximos

150 1563 336 1647 visamus.
395 1567 553 1675 Regem
571 1565 595 1648 d
613 1568 706 1648 Deo
728 1568 915 1661 electum,
935 1586 981 1648 ut
998 1567 1178 1661 credunt,
1198 1566 1305 1675 quali

151 1676 290 1757 Deum
308 1680 509 1786 quendam
524 1679 713 1760 adorant:
743 1681 897 1788 quoties
912 1698 1044 1759 tamen
1060 1706 1154 1758 eum
1170 1680 1306 1758 Sacer-

151 1786 260 1869 dotes
270 1788 476 1886 damnant,
489 1791 570 1900 ipse
583 1809 756 1872 mortem
768 1791 839 1872 fibi
850 1790 1064 1872 consciscit.
1105 1792 1169 1871 Sic
1181 1791 1304 1883 enim,

151 1899 334 1982 Diodoto
357 1901 467 1997 teste,
491 1930 630 1984 omnes
655 1902 751 1984 alios
774 1902 975 1983 maleficos
1002 1902 1194 2012 puniunt;
1226 1929 1306 1982 non

151 2011 220 2121 ipli
239 2032 373 2094 morte
392 2014 584 2108 afficiunt,
604 2014 668 2095 sed
688 2014 789 2124 ipsos
808 2042 894 2095 reos
914 2014 1050 2094 lictore
1069 2014 1182 2095 millo
1201 2015 1306 2094 mori

144 2121 302 2228 jubent.
332 2228 335 2233 Ι
361 2125 428 2206 Ad
446 2125 620 2234 Affyrios
639 2125 780 2206 deinde
800 2146 840 2207 et
859 2127 1003 2206 Medos
1023 2146 1063 2207 et
1082 2125 1214 2206 Persas
1241 2153 1304 2205 re·

150 2261 248 2343 gum
267 2234 620 2319 observantiffimos
634 2239 809 2319 accedis:
829 2235 901 2342 jus
918 2238 996 2318 illic
1009 2238 1304 2346 regiumstrmma

148 2375 229 2429 cum
248 2346 404 2431 licentia
444 2348 779 2457 ur'dlibetfactendi
795 2349 1104 2456 conjundiumstri
1126 2378 1145 2428 e
1168 2367 1305 2428 contra

149 2460 337 2541 omnium
354 2461 414 2541 H·
450 2462 650 2542 oricorum
670 2460 791 2542 fidem
815 2461 998 2540 affirmas.
1059 2461 1206 2541 Narrat
1224 2460 1304 2538 im-

149 2570 292 2681 primis
321 2571 469 2653 Daniel
498 2592 544 2653 ut
574 2600 711 2681 regem
745 2570 1182 2654 Nebuchadnezzarem
1215 2570 1304 2681 plus

147 2683 277 2763 nimio
299 2681 342 2764 su
396 2680 592 2767 rbieutem
613 2684 795 2766 homines
815 2681 837 2762 a
859 2684 897 2764 se
925 2684 1163 2795 depulerint,
1191 2702 1231 2763 et
1255 2681 1303 2763 ad

146 2793 288 2875 bestias
319 2711 600 2904 allegaverint.
659 2798 733 2902 Jus
761 2825 900 2876 eorum
931 2824 1010 2875 non
1039 2797 1211 2902 regium,
1238 2793 1303 2874 sed

147 2904 371 2987 Medorum
389 2927 430 2988 et
450 2907 654 2990 Persarum
673 2909 714 2988 id
733 2908 789 2987 est
811 2907 951 3018 populi
966 2907 1032 3014 jus
1058 2907 1301 3017 appellatur;

147 3017 258 3125 quod
285 3013 383 3099 clim
403 3019 657 3100 irrevocabile
686 3018 793 3112 effet,
817 3047 927 3127 reges
955 3021 1076 3100 etiam
1099 3018 1302 3127 obligavit.

148 3128 300 3210 Darius
328 3131 462 3238 itaque
490 3131 639 3212 Medus
671 3132 821 3241 eripere
856 3131 1037 3211 manibus
1066 3130 1305 3240 satraparum

146 3239 379 3337 Danielem,
398 3269 626 3351 quanquam
641 3243 682 3323 id
699 3240 874 3323 maxime
890 3243 1044 3350 agebat,
1062 3270 1139 3321 non
1155 3242 1300 3351 potuit.

148 3351 321 3462 Populis,
340 3354 487 3462 inquis,
506 3356 612 3463 nefas
630 3355 694 3464 effe
712 3373 791 3435 tum
810 3352 1007 3435 credebant
1019 3383 1139 3462 regem
1154 3349 1303 3462 repudi·

145 3462 382 3655 arepuddillo
378 3466 472 3571 jure
480 3464 714 3547 abuteretur.
745 3465 942 3576 Interipsa
951 3487 1084 3546 tamen
1094 3463 1301 3545 haecverba

144 3574 217 3655 ade

144 3686 341 3767 dientiam
356 3707 397 3769 et
415 3690 647 3769 modestiam
667 3690 814 3783 laudas,
834 3708 1017 3799 ereptum
1040 3687 1300 3796 Sardanapalo

144 3824 319 3907 regnum
331 3800 380 3880 ab
394 3799 549 3881 Arbace
560 3802 628 3883 tud
640 3801 775 3911 sponte
788 3827 1091 3881 commemores.
1139 3799 1300 3908 Eripuit

143 3928 284 3990 autem
307 3911 339 3990 is
362 3939 443 3992 non
462 3910 588 3993 solusr
618 3912 683 3992 sed
704 3913 849 4024 partim
872 3909 1186 3992 &Sacerdotibus
1199 3911 1300 4017 juris

142 4020 401 4130 peritiffimis,
415 4024 561 4132 partim
578 4021 602 4104 i
620 4025 769 4135 populo
784 4023 953 4129 adjutus,
973 4042 1090 4132 atque
1110 4022 1187 4104 hoc
1199 4051 1298 4133 prae-

144 4132 282 4213 sertim
293 4135 455 4216 nomine
469 4136 629 4244 eripuit,
644 4135 751 4244 quod
765 4135 895 4241 isjure
908 4137 1033 4243 regio,
1050 4162 1129 4215 non
1145 4135 1193 4214 ad
1204 4163 1297 4215 cru-

144 4242 366 4341 delitatem,
380 4244 443 4326 sed
455 4248 503 4327 ad
516 4246 714 4327 luxuriam
727 4246 1018 4341 tantummodo,
1032 4266 1072 4327 et
1082 4246 1298 4327 mollitiem

144 4354 387 4437 abuteretur.
438 4360 626 4439 Percurre
638 4360 908 4453 Herodotum,
930 4359 1117 4453 Ctesram,
1138 4359 1296 4439 Diodo-

142 4468 457 4576 rum,intelliges
467 4469 632 4552 omnino
641 4469 776 4552 contri
787 4470 860 4552 effe
872 4468 993 4579 quim
1005 4471 1118 4564 dicis,
1127 4469 1296 4575 &Subdi-

142 4579 251 4673 tirrrt
255 4579 461 4688 plurrimim
472 4612 515 4663 ea
526 4612 645 4692 regna
652 4583 837 4692 destrulla
832 4582 965 4694 fuisse,
975 4581 1099 4664 nonab
1111 4581 1296 4662 externis.-

141 4690 322 4802 Assyrios
331 4691 478 4802 regesi
491 4695 642 4791 Medis,
657 4695 802 4778 Medos
813 4692 836 4776 i
848 4696 985 4792 Perfis,
996 4692 1197 4801 utriusque
1208 4709 1297 4773 tum

257 3574 398 3657 misere
409 3576 606 3688 obtorpes,
618 3597 662 3658 ut
672 3578 943 3657 dumistorum
952 3578 1194 3688 populorum
1203 3575 1299 3655 obe-
