2888 5204
154 184 233 263 228
439 171 633 303 Jonnnis
654 165 860 300 Philippi
885 164 1032 296 Angli

147 345 262 424 bunt.
320 347 478 452 Regem
497 364 632 422 autem
650 343 822 422 vestrum
839 343 903 423 aio
921 338 1092 421 minime
1115 334 1256 418 omniun
1303 343 1315 393 ’ἕ

149 453 191 535 Y
183 457 304 564 mpla
320 454 483 549 ornasse,
499 455 564 534 sed
575 454 705 565 ipsum
717 456 849 565 potins
863 455 906 534 in
921 480 1119 562 equorum
1134 444 1261 535 stabul·
1313 550 1315 555 Ι

145 588 264 676 atque
281 569 324 647 in
340 567 454 648 haras
472 568 594 647 etiam
612 567 856 662 convertisse,
873 568 973 647 dum
995 584 1057 647 tot
1074 556 1266 644 immundo
1313 578 1315 583 '

145 679 338 788 praelatos,
363 702 423 759 tot
441 707 581 789 porcos
607 679 838 789 Episcopus,
857 701 897 760 te
914 678 1088 788 denique
1107 668 1273 797 spurcilli

146 819 262 871 mum
276 793 319 870 in
335 792 552 872 Ecclesiam
565 793 799 872 introduxit.
848 792 988 899 Regias
993 790 1081 897 jam
1087 804 1213 898 partes
1225 808 1272 889 eg!

146 902 293 997 dicis,fi
306 902 789 1011 Praesbyoerianos'gmviits
798 903 1033 984 incusemus.
1064 902 1275 983 Nectum

146 1013 328 1094 Christus
343 1014 423 1124 ipse
443 1035 483 1095 et
502 1016 697 1125 Apostoli,
719 1015 833 1096 falsos
857 1015 1066 1123 Evangelii
1091 1014 1294 1111 Dostorflt„

147 1125 285 1207 fratres
306 1127 542 1222 subdititios,
563 1129 785 1235 Religionis
804 1146 993 1237 praetextu
1013 1116 1278 1207 Ecclefiaeinll·

145 1238 563 1333 dinntes,mitii1solim
573 1240 840 1350 increpabant.
864 1237 1276 1348 Anergedietaeorm

148 1374 217 1432 aut
235 1350 376 1461 scripta
393 1349 600 1458 digladisri
613 1353 705 1460 inse
718 1352 874 1433 moisem
884 1352 1007 1446 dices,
1018 1349 1131 1461 quod
1142 1338 1276 1429 suosve!

146 1463 334 1557 labentes,
349 1464 413 1543 vel
425 1464 650 1543 deficientes
668 1463 691 1543 l
710 1464 787 1544 fide
802 1485 920 1573 atque
939 1464 1166 1572 integritate
1177 1456 1275 1538 libet·

146 1574 248 1653 rime
259 1573 617 1683 reprehenderent?
669 1575 746 1657 Ubi
755 1579 944 1657 Mutatur
938 1575 1075 1683 forma
1087 1566 1276 1683 reipublic

145 1714 192 1763 ex
211 1687 439 1765 Monarchio
456 1689 495 1767 in
513 1688 642 1781 alum,
660 1717 730 1768 non
744 1686 1052 1794 doturfiecceffio,
1071 1705 1144 1767 etc.
1197 1679 1273 1763 Non

147 1795 255 1876 hunc
281 1798 480 1878 Miltonus
503 1795 648 1894 solim,
679 1800 744 1878 sed
775 1799 979 1880 Salmasius
1000 1798 1136 1880 obicem
1166 1788 1273 1877 camb

131 1908 294 2015 secundo
318 1910 472 2021 posuit3
503 1911 586 2017 ejus
612 1914 720 1991 enim
746 1913 865 1992 verba
890 1911 991 2006 sunt,
1011 1910 1040 1990 fi
1059 1902 1269 1990 advertisse

61 2038 70 2047 ·
145 2019 300 2101 Veritm
326 2042 385 2116 tu,
414 2044 482 2102 aut
504 2051 628 2102 caecus
652 2044 722 2104 aut
746 2024 924 2116 demens,
944 2024 987 2102 in
1009 2022 1135 2102 socios
1151 2016 1271 2131 paritet

145 2160 191 2210 ac
203 2132 332 2214 hostes
343 2136 522 2214 incurris.
554 2131 698 2230 Tantd,
713 2138 860 2246 inquis,
870 2136 1015 2216 illorum
1026 2132 1167 2244 ‹ysutr'ci
1177 2123 1273 2211 om't
1288 2200 1291 2207 .

144 2242 342 2325 obliterata
345 2245 458 2352 stent,
478 2265 523 2326 ut
535 2249 801 2328 conclamatum
813 2248 876 2356 est,
889 2246 933 2328 de
943 2237 1271 2327 vin'bushumaniu

144 2353 222 2433 Sed
225 2385 288 2435 nos
299 2358 368 2467 qui
367 2376 441 2466 per
438 2359 557 2467 fidem
574 2360 614 2439 in
625 2362 752 2441 Deum
762 2363 992 2469 expefiamus
1000 2354 1272 2465 resurrebiiom

129 2465 331 2572 fleturum,
351 2489 422 2549 etc.
480 2473 622 2579 Apage
641 2473 688 2552 fis
707 2474 939 2552 temulente.
998 2472 1111 2582 Qid
1133 2467 1204 2550 tibi
1220 2474 1272 2543 tut

144 2579 370 2660 vinolentiis
390 2582 466 2661 tuis
485 2580 580 2662 clim
600 2583 693 2677 fide,
712 2611 835 2693 quem
854 2583 882 2662 fi
902 2585 1045 2693 pocula
1064 2602 1131 2662 tua
1150 2575 1273 2683 major!

145 2690 199 2768 ita
214 2691 476 2800 consopirent,
493 2715 537 2774 ut
553 2697 750 2803 resurgere
766 2723 970 2804 nunquam
984 2694 1126 2805 posses,
1141 2680 1272 2783 feliciis

143 2801 323 2909 profesto
349 2805 573 2884 consultum
603 2807 676 2887 tibi
702 2806 819 2887 soret.
878 2807 1002 2887 Scires
1026 2804 1182 2886 libenter
1204 2786 1275 2909 Μ

135 2930 211 3019 per
217 2916 393 3022 populum
405 2917 585 2999 velimus.
646 2921 796 2998 Scirem
811 2946 887 3026 ego
902 2918 1082 3012 viciffim,
1095 2915 1191 3024 quid
1206 2912 1272 2991 Ro·

144 3028 252 3103 mani
263 3054 334 3134 per
347 3031 534 3107 Senatum
547 3030 827 3139 Populumque
844 3033 1074 3110 Romanum
1085 3023 1273 3106 voluerint·

145 3140 299 3247 Qaeris
317 3138 415 3246 quod
427 3141 622 3222 remedium
640 3143 748 3251 restet
766 3143 899 3250 populo
917 3160 1048 3223 contra
1066 3130 1275 3249 tyranm'deu
1307 3228 1309 3241 Ι

144 3250 394 3330 Parlamenti.
453 3253 565 3331 Tum
577 3253 617 3332 id
628 3281 787 3362 quoque
799 3254 943 3349 dicam,
955 3250 1050 3334 clim
1062 3249 1183 3334 causae
1196 3237 1276 3357 quid
1307 3280 1309 3285 ·

141 3361 240 3453 erit;
272 3388 377 3443 nunc
395 3362 629 3472 supervacua
647 3392 695 3444 ne
715 3393 856 3474 quaere.

599 3757 734 3835 CAP.
773 3757 833 3835 ll.

148 3921 195 4023 μ’·
210 3920 264 4006 215,
320 3911 525 3994 Efinierat
545 3918 764 4011 Salmasius,
780 3946 916 4026 regem
934 3922 1016 4001 Deo
1014 3918 1096 4025 solo
1107 3919 1285 4007 minorem,

153 4025 170 4057 “
195 4067 213 4097 »
236 4018 287 4107 ‘'s.
362 4024 675 4133 legibusstrlutum
679 4031 724 4135 st
729 4031 886 4139 nostram
897 4030 1059 4140 rempub.
1059 4031 1288 4139 stedefiniret

162 4196 170 4216 .
220 4206 254 4239 Η
312 4204 325 4230 f
361 4137 509 4246 aliquis,
527 4140 773 4221 consensuros
789 4170 859 4222 nos
874 4143 948 4223 effe
963 4145 1042 4237 ais;
1073 4144 1146 4250 qui
1160 4162 1289 4225 tomen

182 4262 265 4282 ’“
364 4250 487 4356 Regis
516 4251 626 4331 illam
658 4252 930 4333 definitionem
957 4259 1289 4364 oppugnavimus.

144 4361 371 4442 Institutum
397 4359 472 4442 hoc
497 4381 610 4442 tuum
636 4365 710 4443 esl‘e
731 4365 860 4458 video,
880 4365 975 4446 clim
999 4365 1169 4448 refutare
1193 4370 1293 4453 nihil
