2888 5204
535 119 762 220 Praefatio.
1197 164 1222 244 7

62 311 131 401 per
152 298 649 407 Hollandiamſs’cutastnt‚
669 332 753 413 qua
771 331 869 382 nunc
885 301 1007 412 effent,
1025 302 1134 412 qubm
1154 333 1222 384 va-

67 407 120 486 bis
131 426 285 518 parata
293 412 482 518 seruitus,
509 414 691 523 novusque
709 414 871 495 dominus
889 434 987 510 erat,
1014 433 1128 526 atque
1153 415 1220 495 illa

66 521 192 628 veslra
211 541 269 604 tot
286 554 465 605 annorum
483 527 599 605 armis
616 544 729 637 atque
750 527 935 607 laboribus
959 527 1153 609 vindicata
1171 529 1220 607 li-

66 629 208 729 bertas,
234 634 345 746 quim
367 639 484 747 prop>
502 638 668 719 extiabia
686 640 790 748 apud
803 669 869 720 vos
886 669 985 720 nunc
997 640 1123 748 soret,
1153 642 1223 748 nil

11 803 18 817 .
64 749 361 855 opportunifflmb
374 769 493 859 nuper
507 752 699 832 temerarii
702 751 858 859 juvenis
872 770 986 832 marte
997 751 1217 861 restn'rafflt.

67 858 144 938 Sed
149 863 283 969 pergit
301 863 364 971 rste
381 864 498 972 noster
514 864 729 973 ampullari,
754 883 791 944 et
809 865 994 945 mirabiles
1014 863 1219 971 tragaleas

54 969 222 1078 fingere,
249 973 518 1085 Qoscunque
538 975 719 1056 infandus
744 975 809 1056 hic
828 975 1087 1086 parricidialis
1108 977 1218 1057 nimi-

66 1112 149 1164 rum
168 1084 395 1167 barbarini
410 1087 633 1194 Salmaſsani
651 1116 787 1168 rumor
811 1090 957 1196 attigit,
980 1087 1086 1169 haud
1112 1088 1218 1171 secus

66 1222 108 1275 ac
128 1196 159 1278 fi
183 1195 354 1279 fulmine
376 1197 498 1280 afflati
522 1201 642 1280 effent
665 1200 874 1310 derepente
899 1199 961 1280 his
986 1205 1217 1308 arrectaeque

65 1304 229 1390 horrore
245 1340 367 1391 comae
382 1331 422 1392 et
436 1341 514 1392 vox
530 1305 708 1394 faucibus
724 1313 842 1392 haefit.
901 1312 1010 1420 Quod
1023 1342 1121 1394 nunc
1129 1313 1217 1422 pri·

63 1420 180 1501 mitris
197 1422 366 1505 auditum
384 1424 526 1531 bffcant
539 1425 701 1535 Pbyſsci,
723 1455 841 1506 comas
847 1424 1014 1532 fulmine
1032 1429 1215 1506 aurelius.

68 1532 210 1615 Verum
228 1537 310 1646 quis
327 1538 392 1617 boc
410 1537 537 1644 uestit,
567 1538 661 1619 viles
682 1556 719 1618 et
740 1537 896 1618 imbelles
913 1536 1063 1630 ammos,
1091 1537 1222 1646 magni

65 1645 271 1755 cujuspiam
284 1647 476 1758 facinoris
504 1651 571 1729 vel
591 1678 737 1731 rumare
765 1648 1004 1760 obstupescere
1016 1681 1029 1742 ,·
1059 1650 1220 1759 quodque

57 1757 173 1864 priris
184 1759 371 1867 suerunt,
398 1780 478 1842 tum
493 1761 540 1869 st
557 1763 713 1843 maxim>
727 1761 877 1871 stipites
898 1761 1074 1843 indicare.
1133 1762 1223 1842 Alii

63 1871 259 1978 lacrymas
276 1901 356 1953 non
380 1893 603 1970 tenuerunt,
619 1875 846 1955 muliercula
864 1873 969 1955 credo
987 1874 1136 1967 aulica,
1150 1893 1221 1954 aut

47 1979 159 2092 ſsqui
183 1984 242 2064 bis
266 1986 465 2079 molliores,·
495 1988 595 2067 inter
621 2016 708 2097 quos
735 2004 773 2066 et
799 1985 872 2095 ipse
891 1987 1091 2066 Salmabus
1118 1986 1217 2065 natsb

64 2095 227 2203 qubdam
245 2101 519 2209 metamorpbost
535 2099 717 2179 Salmacis
722 2098 861 2207 fanus
879 2098 927 2207 el
937 2129 952 2190 ,⁰
981 2117 1018 2178 et
1023 2098 1136 2207 fante
1153 2098 1229 2188 boc¹

50 2205 126 2311 suo
147 2208 396 2318 lacrymarum
410 2211 568 2318 finitio,
588 2229 625 2291 et
643 2214 745 2291 nocie
767 2229 906 2321 parato
928 2210 1058 2291 viriles
1082 2209 1219 2291 animas

64 2321 227 2401 emollire
244 2340 416 2404 conatur.
476 2326 607 2405 Moneo
627 2323 751 2433 itaque
770 2341 807 2404 et
826 2352 961 2404 cavere
968 2321 1082 2429 jubeo

151 2529 211 2547 -
229 2483 388 2565 infamis
407 2513 456 2564 ne
474 2514 597 2594 quem
617 2482 720 2565 male
740 2482 907 2565 fortibus
928 2484 1043 2564 undis

154 2597 340 2678 Salmacis
360 2616 533 2677 enervet.

152 2758 210 2770 -
229 2737 278 2789 ne
297 2710 358 2789 vir
376 2737 470 2790 cum
489 2708 654 2803 venerit,
675 2726 789 2788 exeat
809 2707 899 2786 inde

154 2823 338 2917 Semivir,
359 2840 400 2902 et
419 2822 529 2902 tablis
550 2818 676 2902 subito
697 2819 897 2901 mollescat
916 2819 958 2898 in
978 2819 1107 2899 undis.

67 2994 230 3077 Fortilss
248 2996 341 3078 vero
361 2996 480 3107 inquit
499 2998 662 3076 animati
685 2994 798 3107 (nam
813 2994 942 3103 fortes
962 3013 1056 3105 puto
1078 3012 1116 3074 et
1134 2996 1219 3075 ani-

63 3109 175 3216 mosus
192 3139 236 3191 ne
253 3109 439 3190 nominare
454 3108 594 3220 quidem
613 3108 683 3214 nfi
698 3107 829 3217 putidi
849 3105 992 3217 potcss)
1018 3107 1131 3187 tantb
1155 3109 1217 3186 in-

66 3223 307 3329 dignationis
338 3221 499 3301 flamma
524 3220 763 3314 exarserunt,
795 3238 840 3298 ut
865 3220 933 3297 vix
956 3218 992 3298 se
1018 3238 1215 3327 caperent.

70 3334 240 3440 Furiosus
256 3335 335 3414 illas
348 3332 726 3444 nonstaccisacimus,·
746 3332 842 3411 verb
846 3329 1078 3439 fortitudine
1083 3328 1219 3439 ficique

65 3463 225 3554 compote
242 3444 322 3553 ssas
339 3446 496 3527 minaces
512 3447 663 3556 pellere,
684 3442 778 3524 etin
792 3442 937 3551 sugam
959 3460 1109 3523 vertere
1131 3471 1218 3524 cou-

51 3558 264 3665 stceuimus.
324 3559 462 3638 Nemo
477 3556 582 3638 certe
595 3585 672 3636 non
685 3556 787 3635 diras
803 3558 1040 3666 imprecatus
1052 3554 1108 3634 est
1120 3557 1218 3634 tanti

66 3670 222 3751 sceleris
240 3667 483 3752 authoribus.
545 3672 586 3749 V
579 3700 625 3751 ox
648 3688 784 3761 tamen,
813 3685 856 3747 ut
884 3687 928 3749 tu
949 3667 1048 3747 madb
1078 3665 1216 3760 aiebas,

66 3780 249 3862 faucibus
268 3781 373 3862 haestt
385 3813 396 3877 ;
425 3801 470 3863 ut
516 3809 559 3861 ue
577 3780 728 3891 baeſsffet
755 3778 896 3860 utinam
919 3780 957 3860 in
985 3780 1084 3860 bunc
1110 3777 1219 3889 usque

64 3892 174 3988 dum,
181 3894 225 4000 st
251 3893 294 3974 be
322 3894 452 4003 nostris
472 3811 660 3974 bentaxat
681 3890 856 4003 perfugis
877 3891 944 3972 bac
966 3890 1026 3971 vis
1044 3891 1217 3997 intelligi,

65 4005 234 4116 quadras
246 4004 356 4087 etrum
369 4023 442 4114 pro
453 4022 631 4115 comperta
646 4005 831 4097 babemus,
843 4003 942 4084 nihil
951 4003 1024 4083 illis
1029 4005 1217 4113 frequen-

65 4119 143 4198 tius
173 4120 212 4200 in
241 4148 304 4199 are
330 4118 409 4228 ff,
434 4116 543 4229 qubm
574 4117 678 4198 diras
700 4134 738 4197 et
760 4115 1034 4224 imprecationes
1058 4114 1219 4197 omnibus

63 4231 166 4312 bonis
183 4229 443 4313 abominandas
467 4229 621 4340 quidem,
645 4247 854 4310 nontamen
873 4227 1093 4308 metuendas.
1155 4229 1219 4308 De

63 4345 151 4426 aliis
169 4343 343 4426 credebile
360 4343 429 4425 vsu
447 4343 509 4452 est,
529 4371 610 4422 cum
622 4341 805 4450 stupplicii
818 4341 861 4422 de
880 4368 966 4448 rege
971 4339 1095 4449 fismti
1101 4335 1219 4446 fama
