2888 5204
368 562 418 657 T
416 554 719 696 ypographus
742 593 830 692 pro
854 556 1037 694 se-ips0.
1197 599 1272 679 241

138 730 285 843 Briggii
292 732 599 816 Arithmeticam
613 731 968 842 Logarithmicam,
988 737 1092 843 Opus
1096 733 1193 842 stonl
1205 764 1277 814 ou-

133 870 245 940 reum,
260 864 299 926 et
316 847 471 928 omnium
494 846 743 927 inventionum
769 847 807 926 in
830 844 976 926 artibus
993 847 1276 928 Mathematici}

128 984 199 1037 neo
215 957 364 1064 judicio
386 957 736 1064 excellentiffimam;
764 960 802 1037 in
821 987 889 1067 quo
908 976 1018 1038 erant
1037 959 1281 1067 Logaritbmi

124 1083 192 1178 pro
220 1071 384 1150 numerr‘s
411 1070 461 1151 ab
487 1071 633 1151 unitate
655 1068 710 1149 ad
737 1068 1009 1150 20000.'etb
1043 1098 1194 1176 90000.
1225 1070 1281 1151 od

129 1204 311 1262 100000.
344 1184 506 1293 Cumque
524 1181 685 1263 vo'clerem
704 1181 967 1288 Logaritbmos
978 1198 1051 1290 pro
1070 1183 1230 1263 numeris
1248 1182 1274 1264 b

125 1316 283 1374 20000.
304 1293 359 1374 od
374 1321 525 1400 90000.
543 1292 599 1374 ibi
612 1290 824 1398 defiderari,
836 1294 980 1373 am'rnus
1001 1294 1095 1373 mibi
1111 1311 1197 1374 erat
1214 1296 1274 1375 la-

124 1432 259 1487 cunam
276 1406 295 1485 i
320 1435 380 1486 om
399 1406 558 1516 explere,
571 1403 668 1516 quod
681 1422 719 1483 et
736 1404 946 1485 incredibili
960 1405 1131 1514 temporis
1144 1405 1272 1486 brevi-

124 1532 206 1599 rate
208 1517 318 1625 solus
321 1518 468 1626 peregi,
481 1517 537 1599 ito
548 1535 592 1597 ut
604 1516 854 1623 D.Briggius
863 1517 999 1626 aliique
1010 1518 1279 1599 Mathematici

124 1626 164 1709 ιἰι
183 1630 334 1738 Anglio
351 1628 534 1711 admirati
533 1627 705 1734 suerint,
725 1628 822 1737 quod
836 1627 1033 1734 nonsolbm
1047 1627 1204 1710 laborem
1223 1630 1272 1737 is-

124 1756 221 1835 tum,
238 1739 370 1847 sedet
393 1740 512 1852 operis
526 1739 854 1849 promulgationem
877 1759 954 1820 tam
981 1739 1092 1820 brevi
1116 1758 1274 1851 tempore

124 1848 356 1959 absolverem.
416 1856 587 1960 Rogatus
610 1849 735 1932 deinde
748 1852 825 1960 fni
846 1849 871 1930 b
891 1854 949 1932 D.
970 1852 1141 1961 Briggio,
1168 1871 1272 1935 utet

124 1962 886 2073 TrigonometriamsuamBritannicam
905 1964 943 2042 in
950 1963 1154 2044 Hollandia
1166 1965 1272 2046 eden-

124 2072 209 2155 olam
212 2095 474 2185 procurarem,
510 2074 584 2155 uod
588 2075 699 2155 ettam
709 2075 795 2154 meis
791 2074 1005 2183 sumptibus
1001 2074 1100 2183 feci.
1141 2078 1273 2158 Alium

124 2187 236 2269 ntum
253 2216 427 2296 magnum
446 2105 603 2267 laborem
612 2187 734 2296 postca
748 2184 900 2293 absolvi,
921 2188 1100 2294 conversis
1113 2188 1275 2269 Sinubus

124 2314 163 2379 et
181 2295 1028 2407 TangentibusadRadium10000,000000.
1051 2300 1217 2408 quisunt
1233 2300 1272 2380 in

126 2409 264 2521 Opere
285 2411 479 2504 Palatino,
500 2411 539 2489 in
554 2409 830 2517 Logaritbmos,
846 2409 943 2519 quod
953 2413 1057 2517 Opus
1069 2411 1271 2519 Trigono-
1323 2488 1328 2499 ,

126 2523 309 2603 metriam
322 2521 584 2603 Artificialem
595 2521 794 2616 nominavi,
806 2539 918 2632 atque
930 2519 1138 2631 publicavi.
1174 2525 1274 2630 Quos

124 2631 302 2744 sumpno,
316 2662 404 2743 quos
416 2632 571 2728 labores,
578 2633 929 2742 quantumtemporis
939 2632 1061 2713 tribus
1072 2633 1148 2742 istis
1166 2634 1274 2715 libris

125 2742 372 2855 impenderem,
385 2762 533 2854 prater
550 2745 641 2827 olias
658 2773 745 2854 quos
757 2762 837 2824 tum
849 2744 995 2853 peregi,
996 2743 1175 2851 judicare
1186 2747 1273 2855 peff-

124 2854 210 2961 sunt
223 2857 292 2968 qui
304 2886 361 2937 eos
372 2857 600 2965 cognoscunt.
651 2859 736 2936 Hoc
754 2857 886 2965 testari
894 2857 1031 2967 pofficm
1045 2887 1100 2937 me
1116 2859 1273 2940 multim

124 2968 209 3077 plus
222 2968 351 3050 damni
365 2969 474 3079 qubm
493 2968 596 3049 lucri
610 2967 691 3047 inde
708 2968 926 3078 reportaffl:
946 2986 1111 3049 attamen
1129 2968 1208 3076 ejus
1218 3001 1274 3051 me

125 3106 194 3161 non
215 3080 388 3191 poenitet,
417 3109 503 3160 nam
516 3080 599 3186 scio
626 3109 681 3158 me
708 3079 834 3160 multis
858 3080 1135 3162 Mathematicis
1159 3082 1273 3163 lobiis

124 3218 201 3273 rem
215 3191 553 3301 gratifflmomfeci
576 3222 608 3285 e,
621 3189 767 3301 ssosque
778 3191 890 3271 libros
901 3190 1036 3273 abhinc
1048 3194 1188 3304 aliquot
1203 3225 1273 3275 on-

124 3330 186 3384 nos
197 3304 238 3384 in
250 3332 388 3410 magna
398 3302 805 3412 aslimotionefuturos,
819 3322 854 3382 et
864 3333 920 3382 me
929 3304 1091 3412 aliquam
1101 3307 1272 3412 gratiam

124 3410 149 3494 b
167 3416 384 3524 posteritate
401 3432 653 3524 accepturum,
669 3414 792 3519 ficuti
806 3414 946 3524 aliquot
964 3416 1047 3494 viri
1062 3417 1190 3498 eriditi
1204 3418 1270 3497 bo-

124 3525 257 3634 nestam
272 3525 317 3607 ale
326 3556 381 3606 me
393 3529 604 3607 mentionem
622 3527 661 3605 in
666 3525 753 3631 suis
765 3525 872 3606 libris
879 3525 966 3631 jam
974 3525 1061 3632 jam
1065 3528 1268 3636 fecerunt:

124 3637 253 3745 Quot
269 3639 399 3733 miror,
420 3638 636 3719 Miltonium
654 3666 709 3717 me
727 3667 796 3718 non
814 3637 941 3717 melius
966 3638 1176 3748 cognovisti,
1201 3660 1272 3721 aut

124 3746 165 3829 de
180 3777 239 3830 me
255 3749 446 3860 audouiffo,
462 3748 530 3860 qui
544 3776 828 3857 nonnunquam
848 3748 885 3829 se
900 3776 964 3829 rus
979 3749 1076 3829 urbe
1092 3751 1269 3848 mutasse,

124 3879 191 3941 aut
207 3862 518 3942 co'e’mendorum
533 3862 657 3969 gratia
672 3861 880 3956 librorum,
896 3880 964 3941 aut
985 3889 1132 3942 novum
1151 3865 1271 3971 quid-

124 3971 233 4079 piam
252 3974 293 4052 in
312 3971 612 4054 Mathematicis
631 3972 854 4053 addiscendi
872 3972 1066 4081 gloriatur
1083 4001 1175 4085 pag.
1198 3978 1268 4058 61.

126 4082 231 4164 Unde
247 4084 396 4191 conjicio
409 4114 490 4165 cum
501 4084 591 4194 plus
609 4084 647 4164 in
665 4084 821 4165 Comicis
838 4101 874 4165 et
895 4084 1077 4197 Satyricis
1097 4088 1207 4197 qubm
1230 4090 1269 4170 in

124 4194 406 4322 Mathematici}
423 4196 659 4277 Autboribus
677 4195 859 4305 ingenium
868 4193 985 4302 sicum
993 4197 1144 4309 semper
1161 4230 1270 4281 exer·

124 4305 399 4498 ωέζειιιιιίῶνοι
409 4418 488 4527 ssas
499 4418 663 4527 imprimi
669 4418 862 4513 curabam,
873 4416 1166 4531 Typograpbiam
1179 4452 1268 4503 non-

124 4528 206 4610 ium
219 4528 409 4624 habebam,
421 4560 465 4610 ne
489 4561 533 4611 ue
545 4530 747 4639 Bibliopola
758 4561 873 4625 eram,
876 4531 951 4638 std
965 4531 1029 4641 effic
1043 4532 1211 4639 cogebar,
1225 4553 1270 4614 ut

124 4640 346 4751 extenploma
363 4561 496 4747 exarcit
510 4641 778 4751 dqlribuerem
799 4644 934 4754 ssaque
947 4643 990 4724 de
1001 4644 1268 4752 occastonepri-

124 4780 217 4835 nuru
228 4754 268 4835 in
284 4753 462 4849 Galliam,
474 4752 599 4835 deinde
611 4755 722 4836 otiam
737 4757 961 4864 inAngliam
972 4755 1268 4866 profectussum,

173 4891 203 4968 4
681 4892 706 4946 R
