2888 5204
143 200 224 257 210
425 162 620 296 Joannis
646 153 852 291 Philippi
878 155 1028 289 Angli

144 338 356 449 procedere
383 339 423 415 in
452 336 735 415 detrimentum
759 334 886 442 tegni,
915 353 959 413 ut
978 333 1050 414 nifi
1069 333 1151 414 vim
1166 332 1203 412 vi
1220 358 1261 411 rs·
1308 327 1318 401 ³.

145 450 354 561 pellamus,
385 475 558 555 eumque
592 472 665 556 pro
700 442 809 524 hoste
842 441 1074 540 habeamus,
1106 444 1273 639 immi:
1315 471 1318 483 ⁴

146 561 256 641 nullo
270 562 390 640 modo
405 559 604 669 poffimus.
643 557 839 636 Concedis
855 557 979 664 igitur
993 557 1093 667 ipse,
1107 576 1149 639 et

146 673 349 754 contendis
377 673 540 751 veritate
565 671 704 762 vissus,
730 666 795 748 sed
823 669 950 749 videri
977 667 1192 752 concedere
1215 694 1277 751 nou

147 786 220 877 vis,
241 785 462 893 pertinaciae
482 781 698 874 studiosior,
718 776 840 887 quim
856 783 1054 876 veritatis;
1087 781 1280 890 ¹namquod

147 897 333 1006 impediri
360 895 414 975 ais
446 914 656 1002 tyrannum
674 892 831 987 debere,
851 922 921 974 nan
944 893 983 973 in
989 892 1180 999 judicium
1196 891 1284 977 ualui

146 1027 184 1089 et
215 1009 336 1118 capite
357 1007 477 1116 plesii
503 1006 570 1087 vel
594 1003 643 1088 ab
672 1034 741 1085 uno
768 1004 836 1085 vel
852 1004 901 1086 ab
926 1004 1105 1101 omnt'bus,
1131 1005 1196 1087 sed
1219 1002 1286 1089 Dei

136 1119 280 1225 judicio
299 1117 572 1227 relinquendum
595 1114 674 1226 effe,
695 1144 808 1224 nugae
832 1116 934 1212 sunt,
954 1136 995 1197 et
1020 1119 1145 1226 gratis
1164 1119 1283 1211 didas

147 1262 233 1341 quae
257 1232 421 1338 singula,
448 1258 526 1309 non
550 1229 793 1320 affirmanda,
808 1226 872 1309 sed
896 1229 1100 1338 probanda
1123 1231 1196 1311 tibi
1220 1228 1285 1311 res-

150 1362 246 1424 tant.
306 1343 377 1423 Vis
397 1339 678 1422 Monarchiam
704 1340 928 1448 reipublicae
950 1339 1081 1422 sormi
1111 1343 1186 1423 effe
1208 1368 1285 1452 per·

149 1454 369 1535 festiorem.
428 1454 476 1533 Id
502 1481 572 1534 nos
595 1454 636 1532 in
663 1451 861 1560 praesentia
879 1479 959 1532 non
981 1453 1155 1560 agimus.
1209 1455 1285 1535 Tm

149 1586 281 1647 tamen
297 1585 544 1675 argumenta,
560 1566 751 1673 quoniam
765 1583 889 1658 vacat,
905 1564 1126 1647 videamus.
1174 1569 1283 1647 Intro·

147 1678 295 1757 aunam
313 1677 339 1757 d
359 1680 442 1759 Dea
461 1678 558 1758 dicis
582 1677 621 1757 in
645 1675 813 1757 ultimum
836 1694 873 1756 et
886 1677 1218 1786 prastantiffimam
1232 1704 1283 1759 re·

146 1789 300 1871 medium
320 1790 453 1898 popula
479 1791 585 1871 toties
608 1788 656 1871 ab
683 1787 835 1868 inimicis
839 1787 998 1894 stabaao
1006 1790 1088 1897 stab
1093 1788 1282 1896 Judeobru

147 1899 331 1982 Primum
360 1930 432 1982 cur
457 1902 555 1981 illud
581 1899 933 2009 praestantissimum
964 1903 1188 1983 remedium
1218 1924 1282 1981 nou

135 2012 281 2122 'primo
311 2010 458 2123 potiits,
485 2010 607 2122 quim
630 2014 679 2093 ad
704 2013 893 2092 ultimum
916 2011 1144 2094 adhibitum
1168 2011 1282 2107 fuerit,

147 2123 242 2205 clim
263 2127 374 2205 Deus
391 2125 593 2234 Rempub.
610 2123 718 2204 suam
731 2121 852 2232 quim
869 2123 1185 2232 praestantiffimis
1197 2125 1282 2233 legi·

147 2238 220 2318 bus
236 2237 446 2332 formaret;
477 2238 619 2317 deinde
632 2233 727 2317 ciam
743 2235 923 2317 Israelita
939 2240 1097 2345 Regem
1108 2252 1282 2350 peterent,

149 2347 236 2457 post
255 2376 375 2430 annos
403 2349 559 2430 circiter
583 2349 888 2457 quadringentos
911 2348 981 2430 sub
1004 2349 1207 2455 judicibus
1226 2374 1284 2429 ex·

147 2461 311 2556 astossr
331 2459 569 2541 Monarchia
589 2461 941 2570 praestantiffimum
959 2462 1059 2543 illud
1079 2462 1297 2544 remedium·

149 2574 240 2653 Deo
253 2573 378 2652 visum
394 2573 464 2667 est,
480 2602 552 2654 cur
564 2573 612 2652 ab
628 2574 674 2652 ed
688 2571 900 2653 dissuaserit
913 2574 1111 2683 populum
1127 2576 1236 2655 suum
1246 2596 1283 2651 ac

149 2686 394 2779 deterruerit,
407 2684 547 2767 solum.
587 2686 673 2764 Cur
683 2685 852 2794 denique
867 2705 1044 2793 petentes
1064 2716 1131 2768 eos
1151 2681 1283 2797 peccati

149 2798 361 2902 gravissimi
377 2825 462 2878 reos
482 2795 635 2889 fecerit,
652 2795 713 2875 fac
734 2796 860 2904 quaeso
886 2798 1180 2906 intelligamus:
1208 2789 1286 2909 quel

150 2905 423 3003 Theocratiam,
443 2909 589 3017 inquis,
610 2907 819 3014 rejicerent,
840 2935 932 2988 nem
962 2938 984 2990 e
1003 2910 1075 2991 sub
1083 2910 1282 3017 judicibus.

147 3023 206 3100 At
230 3020 324 3100 vero
349 3022 510 3100 illinon
534 3017 666 3101 minus
692 3023 733 3099 in
757 2941 995 3103 Monarclrid
1019 3020 1285 3104 Theocratiam

149 3133 316 3214 retinere
346 3151 541 3242 poterant,
561 3162 606 3213 ac
637 3132 856 3213 debebant:
887 3134 942 3214 sm
966 3131 1115 3230 minirs,
1135 3156 1181 3217 tu
1203 3133 1285 3215 Mo·

148 3243 350 3326 narchiam
370 3245 468 3325 dum
488 3245 834 3353 praestantissimam
849 3246 922 3326 else
938 3247 1050 3342 dicis,
1067 3275 1149 3328 non
1163 3245 1286 3327 Theo-

150 3360 327 3453 cratiam,
341 3357 404 3438 sed
416 3354 714 3438 Atheocratiam
730 3385 823 3437 cave
839 3359 1008 3452 dixeris3
1039 3361 1081 3439 in
1096 3388 1176 3469 qua
1191 3361 1287 3441 Deus
1322 3432 1325 3455 ,

151 3467 233 3549 tam
252 3471 413 3579 praesens
434 3497 568 3576 regere
589 3469 702 3549 suum
722 3469 917 3578 populum
936 3468 1059 3578 quim
1075 3470 1146 3552 sub
1155 3467 1288 3577 judici·

149 3580 221 3660 bus
240 3609 319 3660 non
339 3585 482 3690 potuit.
545 3580 663 3661 Certe
684 3583 711 3661 sr
732 3582 1039 3689 gubernantibus
1059 3582 1138 3664 illis
1162 3581 1289 3663 Thoo-

149 3693 312 3772 cratiam
332 3693 372 3771 in
394 3694 614 3802 Republica
634 3691 746 3772 fuisse
766 3693 878 3787 dicis,
898 3712 942 3775 ut
960 3713 1066 3774 certe
1080 3693 1176 3790 fuit,
1195 3688 1291 3775 baud

150 3803 226 3883 alis
247 3805 425 3912 gerendae
454 3805 698 3914 Reipublicae
722 3803 894 3885 formam
917 3805 1240 3914 praestantiorem,
1255 3823 1295 3885 ut

149 3914 236 3996 sunt
255 3943 314 3995 res
335 3917 578 4011 mortalium,
599 3916 773 3997 invenire
789 3917 996 4025 quisquam
1015 3919 1176 4027 poterit.
1226 3920 1296 4000 Re·

133 4027 315 4137 spondeat
329 4027 433 4122 mihi,
452 4028 598 4137 inquis,
618 4048 707 4108 tuus
723 4030 889 4138 Papulas
903 4029 1157 4138 Anglicanus,
1174 4028 1298 4113 utrrirn

148 4141 265 4249 lignea
286 4140 419 4222 Caroli
421 4138 518 4248 jugo
540 4141 693 4250 excuffla,
712 4141 875 4250 aliquam
899 4141 1130 4249 mffertarum
1147 4146 1301 4226 rehxa·

145 4254 275 4336 tionem
295 4252 500 4335 inveniant.
561 4252 787 4362 Respondet
806 4254 938 4363 itaque
950 4255 1099 4362 jugum
1113 4254 1152 4335 se
1166 4254 1302 4339 Caroli

149 4362 322 4449 ferreum
351 4363 374 4448 i
402 4365 647 4448 conscientiis
676 4364 752 4448 suis
775 4365 978 4477 depulisse,
1005 4365 1155 4476 jugum
1195 4370 1303 4452 idem
