<?xml version="1.0" encoding="UTF-8"?>
<!DOCTYPE html PUBLIC "-//W3C//DTD XHTML 1.0 Transitional//EN"
    "http://www.w3.org/TR/xhtml1/DTD/xhtml1-transitional.dtd">
<html xmlns="http://www.w3.org/1999/xhtml" xml:lang="en" lang="en">
 <head>
  <title>
</title>
<meta http-equiv="Content-Type" content="text/html;charset=utf-8" />
  <meta name='ocr-system' content='tesseract 3.04.00' />
  <meta name='ocr-capabilities' content='ocr_page ocr_carea ocr_par ocr_line ocrx_word'/>
</head>
<body>
  <div class='ocr_page' id='page_1' title='image "./worksjohnmilton07miltgoog_0446.png"; bbox 0 0 2888 5204; ppageno 0'>
   <div class='ocr_carea' id='block_1_1' title="bbox 373 536 1292 708">
    <p class='ocr_par' dir='ltr' id='par_1_1' title="bbox 373 536 1292 708">
     <span class='ocr_line' id='line_1_1' title="bbox 373 536 1292 708; baseline 0 -38"><span class='ocrx_word' id='word_1_1' title='bbox 373 571 765 708; x_wconf 80' lang='lat' dir='ltr'>supplementum</span> <span class='ocrx_word' id='word_1_2' title='bbox 791 567 1062 705; x_wconf 81' lang='lat' dir='ltr'>Responfio.</span> <span class='ocrx_word' id='word_1_3' title='bbox 1162 536 1165 540; x_wconf 10' lang='grc' dir='ltr'><strong><em>Δ</em></strong></span> <span class='ocrx_word' id='word_1_4' title='bbox 1209 616 1292 698; x_wconf 83' lang='lat'>429</span> 
     </span>
    </p>
   </div>
   <div class='ocr_carea' id='block_1_2' title="bbox 140 748 1379 4887">
    <p class='ocr_par' dir='ltr' id='par_1_2' title="bbox 140 748 1379 4887">
     <span class='ocr_line' id='line_1_2' title="bbox 141 748 1297 858; baseline 0.002 -30"><span class='ocrx_word' id='word_1_5' title='bbox 141 776 215 858; x_wconf 86' lang='lat' dir='ltr'>per</span> <span class='ocrx_word' id='word_1_6' title='bbox 229 751 364 833; x_wconf 85' lang='lat' dir='ltr'>omnia</span> <span class='ocrx_word' id='word_1_7' title='bbox 376 750 557 853; x_wconf 85' lang='lat' dir='ltr'>videaris)</span> <span class='ocrx_word' id='word_1_8' title='bbox 571 749 733 829; x_wconf 88' lang='lat' dir='ltr'>veritate</span> <span class='ocrx_word' id='word_1_9' title='bbox 745 750 870 827; x_wconf 76' lang='lat' dir='ltr'>vietus</span> <span class='ocrx_word' id='word_1_10' title='bbox 883 748 1055 829; x_wconf 87' lang='lat' dir='ltr'>emifisti.</span> <span class='ocrx_word' id='word_1_11' title='bbox 1101 750 1177 829; x_wconf 92' lang='lat' dir='ltr'>Sed</span> <span class='ocrx_word' id='word_1_12' title='bbox 1190 752 1297 845; x_wconf 89' lang='lat' dir='ltr'>vide,</span> 
     </span>
     <span class='ocr_line' id='line_1_3' title="bbox 143 860 1294 972; baseline 0.003 -33"><span class='ocrx_word' id='word_1_13' title='bbox 143 888 195 940; x_wconf 90' lang='lat' dir='ltr'>ne</span> <span class='ocrx_word' id='word_1_14' title='bbox 225 861 417 943; x_wconf 86' lang='lat' dir='ltr'>fincerum</span> <span class='ocrx_word' id='word_1_15' title='bbox 446 863 553 970; x_wconf 91' lang='lat' dir='ltr'>quod</span> <span class='ocrx_word' id='word_1_16' title='bbox 581 860 650 953; x_wconf 85' lang='lat' dir='ltr'>est,</span> <span class='ocrx_word' id='word_1_17' title='bbox 677 888 904 972; x_wconf 89' lang='lat' dir='ltr'>cauponum</span> <span class='ocrx_word' id='word_1_18' title='bbox 932 889 1057 954; x_wconf 87' lang='lat' dir='ltr'>more,</span> <span class='ocrx_word' id='word_1_19' title='bbox 1085 863 1294 943; x_wconf 86' lang='lat' dir='ltr'>mendacio</span> 
     </span>
     <span class='ocr_line' id='line_1_4' title="bbox 143 971 1296 1083; baseline 0.002 -30"><span class='ocrx_word' id='word_1_20' title='bbox 143 971 277 1053; x_wconf 85' lang='lat' dir='ltr'>statim</span> <span class='ocrx_word' id='word_1_21' title='bbox 296 973 434 1053; x_wconf 88' lang='lat' dir='ltr'>diluas.</span> <span class='ocrx_word' id='word_1_22' title='bbox 480 973 733 1080; x_wconf 83' lang='lat' dir='ltr'>Confitentem,</span> <span class='ocrx_word' id='word_1_23' title='bbox 753 974 898 1081; x_wconf 83' lang='lat' dir='ltr'>inquis,</span> <span class='ocrx_word' id='word_1_24' title='bbox 918 971 1027 1052; x_wconf 77' lang='lat' dir='ltr'>habes</span> <span class='ocrx_word' id='word_1_25' title='bbox 1046 1002 1161 1053; x_wconf 85' lang='lat' dir='ltr'>reum.</span> <span class='ocrx_word' id='word_1_26' title='bbox 1208 976 1296 1083; x_wconf 83' lang='lat' dir='ltr'>Ego</span> 
     </span>
     <span class='ocr_line' id='line_1_5' title="bbox 143 1083 1294 1193; baseline 0.003 -32"><span class='ocrx_word' id='word_1_27' title='bbox 143 1083 240 1165; x_wconf 81' lang='lat' dir='ltr'>verb</span> <span class='ocrx_word' id='word_1_28' title='bbox 260 1114 370 1165; x_wconf 92' lang='lat' dir='ltr'>reum</span> <span class='ocrx_word' id='word_1_29' title='bbox 391 1084 553 1193; x_wconf 88' lang='lat' dir='ltr'>quidem</span> <span class='ocrx_word' id='word_1_30' title='bbox 583 1083 732 1180; x_wconf 88' lang='lat' dir='ltr'>habe0;</span> <span class='ocrx_word' id='word_1_31' title='bbox 763 1083 1019 1165; x_wconf 88' lang='lat' dir='ltr'><strong>confitentem</strong></span> <span class='ocrx_word' id='word_1_32' title='bbox 1039 1113 1117 1166; x_wconf 91' lang='lat' dir='ltr'>non</span> <span class='ocrx_word' id='word_1_33' title='bbox 1138 1084 1294 1167; x_wconf 88' lang='lat' dir='ltr'>habeo:</span> 
     </span>
     <span class='ocr_line' id='line_1_6' title="bbox 144 1195 1294 1306; baseline 0.003 -31"><span class='ocrx_word' id='word_1_34' title='bbox 144 1195 217 1275; x_wconf 82' lang='lat' dir='ltr'>nisi</span> <span class='ocrx_word' id='word_1_35' title='bbox 236 1197 265 1276; x_wconf 81' lang='lat' dir='ltr'>sa</span> <span class='ocrx_word' id='word_1_36' title='bbox 285 1197 325 1276; x_wconf 94' lang='lat' dir='ltr'>id</span> <span class='ocrx_word' id='word_1_37' title='bbox 345 1226 417 1306; x_wconf 90' lang='lat' dir='ltr'>pro</span> <span class='ocrx_word' id='word_1_38' title='bbox 437 1196 607 1277; x_wconf 84' lang='lat' dir='ltr'>confello</span> <span class='ocrx_word' id='word_1_39' title='bbox 635 1196 690 1275; x_wconf 85' lang='lat' dir='ltr'>est</span> <span class='ocrx_word' id='word_1_40' title='bbox 716 1195 942 1276; x_wconf 87' lang='lat' dir='ltr'>habendum</span> <span class='ocrx_word' id='word_1_41' title='bbox 962 1198 1153 1305; x_wconf 93' lang='lat' dir='ltr'>quicquid</span> <span class='ocrx_word' id='word_1_42' title='bbox 1183 1199 1294 1306; x_wconf 89' lang='lat' dir='ltr'>tufi-</span> 
     </span>
     <span class='ocr_line' id='line_1_7' title="bbox 143 1302 1294 1418; baseline 0 -29"><span class='ocrx_word' id='word_1_43' title='bbox 143 1308 269 1389; x_wconf 86' lang='lat' dir='ltr'>lentio</span> <span class='ocrx_word' id='word_1_44' title='bbox 288 1302 529 1418; x_wconf 66' lang='lat' dir='ltr'>praeteriistib</span> <span class='ocrx_word' id='word_1_45' title='bbox 562 1309 612 1387; x_wconf 87' lang='lat' dir='ltr'>src</span> <span class='ocrx_word' id='word_1_46' title='bbox 626 1309 735 1388; x_wconf 92' lang='lat' dir='ltr'>enim</span> <span class='ocrx_word' id='word_1_47' title='bbox 754 1327 794 1388; x_wconf 93' lang='lat' dir='ltr'>et</span> <span class='ocrx_word' id='word_1_48' title='bbox 812 1307 993 1387; x_wconf 91' lang='lat' dir='ltr'>libellum</span> <span class='ocrx_word' id='word_1_49' title='bbox 1015 1310 1054 1386; x_wconf 91' lang='lat' dir='ltr'>in</span> <span class='ocrx_word' id='word_1_50' title='bbox 1075 1336 1145 1390; x_wconf 90' lang='lat' dir='ltr'>nos</span> <span class='ocrx_word' id='word_1_51' title='bbox 1166 1309 1294 1390; x_wconf 88' lang='lat' dir='ltr'>famo-</span> 
     </span>
     <span class='ocr_line' id='line_1_8' title="bbox 144 1419 1294 1528; baseline 0.003 -29"><span class='ocrx_word' id='word_1_52' title='bbox 144 1420 232 1501; x_wconf 88' lang='lat' dir='ltr'>sum</span> <span class='ocrx_word' id='word_1_53' title='bbox 253 1421 426 1513; x_wconf 81' lang='lat' dir='ltr'>edidiffe,</span> <span class='ocrx_word' id='word_1_54' title='bbox 446 1440 485 1501; x_wconf 90' lang='lat' dir='ltr'>et</span> <span class='ocrx_word' id='word_1_55' title='bbox 512 1419 614 1501; x_wconf 90' lang='lat' dir='ltr'>hosti</span> <span class='ocrx_word' id='word_1_56' title='bbox 641 1420 772 1501; x_wconf 88' lang='lat' dir='ltr'>nostro</span> <span class='ocrx_word' id='word_1_57' title='bbox 800 1419 953 1513; x_wconf 79' lang='lat' dir='ltr'>dicalse,</span> <span class='ocrx_word' id='word_1_58' title='bbox 974 1439 1013 1499; x_wconf 91' lang='lat' dir='ltr'>et</span> <span class='ocrx_word' id='word_1_59' title='bbox 1033 1421 1294 1528; x_wconf 87' lang='lat' dir='ltr'>Anglicanam</span> 
     </span>
     <span class='ocr_line' id='line_1_9' title="bbox 145 1529 1295 1642; baseline 0 -27"><span class='ocrx_word' id='word_1_60' title='bbox 145 1533 364 1642; x_wconf 85' lang='lat' dir='ltr'>Rempubl.</span> <span class='ocrx_word' id='word_1_61' title='bbox 395 1531 670 1640; x_wconf 83' lang='lat' dir='ltr'>indigniffimis</span> <span class='ocrx_word' id='word_1_62' title='bbox 706 1530 849 1625; x_wconf 89' lang='lat' dir='ltr'>modis,</span> <span class='ocrx_word' id='word_1_63' title='bbox 878 1529 1024 1639; x_wconf 68' lang='lat' dir='ltr'>meque</span> <span class='ocrx_word' id='word_1_64' title='bbox 1058 1534 1295 1615; x_wconf 91' lang='lat' dir='ltr'>nominatim</span> 
     </span>
     <span class='ocr_line' id='line_1_10' title="bbox 144 1642 1295 1751; baseline 0.002 -28"><span class='ocrx_word' id='word_1_65' title='bbox 144 1644 284 1725; x_wconf 80' lang='lat' dir='ltr'>illaesus</span> <span class='ocrx_word' id='word_1_66' title='bbox 309 1644 448 1737; x_wconf 84' lang='lat' dir='ltr'>laesrffe,</span> <span class='ocrx_word' id='word_1_67' title='bbox 474 1664 597 1724; x_wconf 92' lang='lat' dir='ltr'>totam</span> <span class='ocrx_word' id='word_1_68' title='bbox 622 1644 791 1751; x_wconf 89' lang='lat' dir='ltr'>denique</span> <span class='ocrx_word' id='word_1_69' title='bbox 821 1642 996 1723; x_wconf 87' lang='lat' dir='ltr'>fabulam</span> <span class='ocrx_word' id='word_1_70' title='bbox 1024 1644 1295 1725; x_wconf 87' lang='lat' dir='ltr'>Genevensem</span> 
     </span>
     <span class='ocr_line' id='line_1_11' title="bbox 143 1754 1296 1864; baseline 0.001 -27"><span class='ocrx_word' id='word_1_71' title='bbox 143 1756 357 1841; x_wconf 86' lang='lat' dir='ltr'>confiteris.</span> <span class='ocrx_word' id='word_1_72' title='bbox 415 1756 481 1835; x_wconf 90' lang='lat' dir='ltr'>Ab</span> <span class='ocrx_word' id='word_1_73' title='bbox 509 1754 583 1836; x_wconf 88' lang='lat' dir='ltr'>hac</span> <span class='ocrx_word' id='word_1_74' title='bbox 612 1755 924 1864; x_wconf 68' lang='lat' dir='ltr'>praevaricatione</span> <span class='ocrx_word' id='word_1_75' title='bbox 952 1755 1001 1834; x_wconf 89' lang='lat' dir='ltr'>ad</span> <span class='ocrx_word' id='word_1_76' title='bbox 1027 1757 1296 1863; x_wconf 85' lang='lat' dir='ltr'>precationem</span> 
     </span>
     <span class='ocr_line' id='line_1_12' title="bbox 145 1865 1296 1977; baseline 0 -28"><span class='ocrx_word' id='word_1_77' title='bbox 145 1869 345 1977; x_wconf 85' lang='lat' dir='ltr'>quandam</span> <span class='ocrx_word' id='word_1_78' title='bbox 365 1866 571 1949; x_wconf 72' lang='lat' dir='ltr'>artificiose</span> <span class='ocrx_word' id='word_1_79' title='bbox 598 1867 856 1977; x_wconf 83' lang='lat' dir='ltr'>conrpofitam</span> <span class='ocrx_word' id='word_1_80' title='bbox 884 1887 921 1947; x_wconf 92' lang='lat' dir='ltr'>te</span> <span class='ocrx_word' id='word_1_81' title='bbox 948 1865 1124 1962; x_wconf 89' lang='lat' dir='ltr'>confers;</span> <span class='ocrx_word' id='word_1_82' title='bbox 1156 1868 1230 1949; x_wconf 86' lang='lat' dir='ltr'>srve</span> <span class='ocrx_word' id='word_1_83' title='bbox 1251 1898 1296 1949; x_wconf 90' lang='lat' dir='ltr'>ea</span> 
     </span>
     <span class='ocr_line' id='line_1_13' title="bbox 145 1978 1295 2089; baseline 0.003 -30"><span class='ocrx_word' id='word_1_84' title='bbox 145 1998 222 2061; x_wconf 85' lang='lat' dir='ltr'>tuae</span> <span class='ocrx_word' id='word_1_85' title='bbox 239 1979 333 2075; x_wconf 79' lang='lat' dir='ltr'>fidei</span> <span class='ocrx_word' id='word_1_86' title='bbox 352 1979 521 2089; x_wconf 78' lang='lat' dir='ltr'>publicae</span> <span class='ocrx_word' id='word_1_87' title='bbox 538 1996 717 2060; x_wconf 87' lang='lat' dir='ltr'>extrema</span> <span class='ocrx_word' id='word_1_88' title='bbox 741 1978 926 2061; x_wconf 85' lang='lat' dir='ltr'>confeffio</span> <span class='ocrx_word' id='word_1_89' title='bbox 950 1978 1114 2059; x_wconf 87' lang='lat' dir='ltr'>dicenda</span> <span class='ocrx_word' id='word_1_90' title='bbox 1133 1979 1215 2075; x_wconf 83' lang='lat' dir='ltr'>est3</span> <span class='ocrx_word' id='word_1_91' title='bbox 1246 1982 1295 2062; x_wconf 93' lang='lat' dir='ltr'>ad</span> 
     </span>
     <span class='ocr_line' id='line_1_14' title="bbox 144 2090 1297 2200; baseline -0.001 -25"><span class='ocrx_word' id='word_1_92' title='bbox 144 2118 269 2200; x_wconf 84' lang='lat' dir='ltr'>quam</span> <span class='ocrx_word' id='word_1_93' title='bbox 298 2094 435 2187; x_wconf 89' lang='lat' dir='ltr'>Deum</span> <span class='ocrx_word' id='word_1_94' title='bbox 465 2091 602 2172; x_wconf 86' lang='lat' dir='ltr'>testem</span> <span class='ocrx_word' id='word_1_95' title='bbox 631 2093 802 2184; x_wconf 82' lang='lat' dir='ltr'>invocas,</span> <span class='ocrx_word' id='word_1_96' title='bbox 823 2091 1074 2172; x_wconf 87' lang='lat' dir='ltr'>tremendum</span> <span class='ocrx_word' id='word_1_97' title='bbox 1103 2090 1228 2172; x_wconf 87' lang='lat' dir='ltr'>fateor</span> <span class='ocrx_word' id='word_1_98' title='bbox 1257 2112 1297 2175; x_wconf 90' lang='lat' dir='ltr'>et</span> 
     </span>
     <span class='ocr_line' id='line_1_15' title="bbox 146 2200 1295 2313; baseline 0.001 -29"><span class='ocrx_word' id='word_1_99' title='bbox 146 2203 287 2285; x_wconf 86' lang='lat' dir='ltr'>testem</span> <span class='ocrx_word' id='word_1_100' title='bbox 306 2223 346 2286; x_wconf 89' lang='lat' dir='ltr'>et</span> <span class='ocrx_word' id='word_1_101' title='bbox 364 2203 558 2309; x_wconf 91' lang='lat' dir='ltr'>judicem.</span> <span class='ocrx_word' id='word_1_102' title='bbox 617 2200 752 2283; x_wconf 88' lang='lat' dir='ltr'>Multa</span> <span class='ocrx_word' id='word_1_103' title='bbox 777 2203 988 2296; x_wconf 86' lang='lat' dir='ltr'>confiteris,</span> <span class='ocrx_word' id='word_1_104' title='bbox 1007 2204 1133 2284; x_wconf 92' lang='lat' dir='ltr'>multa</span> <span class='ocrx_word' id='word_1_105' title='bbox 1153 2203 1295 2313; x_wconf 90' lang='lat' dir='ltr'>ploras,</span> 
     </span>
     <span class='ocr_line' id='line_1_16' title="bbox 144 2312 1296 2425; baseline -0.001 -28"><span class='ocrx_word' id='word_1_106' title='bbox 144 2335 307 2425; x_wconf 88' lang='lat' dir='ltr'>peccata</span> <span class='ocrx_word' id='word_1_107' title='bbox 325 2316 488 2425; x_wconf 90' lang='lat' dir='ltr'>quidem</span> <span class='ocrx_word' id='word_1_108' title='bbox 504 2314 608 2421; x_wconf 60' lang='lat' dir='ltr'>long&amp;</span> <span class='ocrx_word' id='word_1_109' title='bbox 622 2312 854 2423; x_wconf 70' lang='lat' dir='ltr'>gravtfflna,</span> <span class='ocrx_word' id='word_1_110' title='bbox 868 2314 931 2395; x_wconf 91' lang='lat' dir='ltr'>sed</span> <span class='ocrx_word' id='word_1_111' title='bbox 946 2343 1032 2422; x_wconf 86' lang='lat' dir='ltr'>quae</span> <span class='ocrx_word' id='word_1_112' title='bbox 1046 2312 1093 2395; x_wconf 91' lang='lat' dir='ltr'>ad</span> <span class='ocrx_word' id='word_1_113' title='bbox 1110 2344 1179 2396; x_wconf 90' lang='lat' dir='ltr'>nos</span> <span class='ocrx_word' id='word_1_114' title='bbox 1195 2315 1296 2396; x_wconf 89' lang='lat' dir='ltr'>nihil</span> 
     </span>
     <span class='ocr_line' id='line_1_17' title="bbox 144 2423 1295 2538; baseline 0 -31"><span class='ocrx_word' id='word_1_115' title='bbox 144 2430 351 2523; x_wconf 85' lang='lat' dir='ltr'>attineant,</span> <span class='ocrx_word' id='word_1_116' title='bbox 371 2431 465 2536; x_wconf 89' lang='lat' dir='ltr'>quia</span> <span class='ocrx_word' id='word_1_117' title='bbox 496 2423 652 2538; x_wconf 78' lang='lat' dir='ltr'>penitbs</span> <span class='ocrx_word' id='word_1_118' title='bbox 678 2427 814 2520; x_wconf 87' lang='lat' dir='ltr'>latent,</span> <span class='ocrx_word' id='word_1_119' title='bbox 839 2446 878 2506; x_wconf 94' lang='lat' dir='ltr'>et</span> <span class='ocrx_word' id='word_1_120' title='bbox 907 2428 1127 2507; x_wconf 84' lang='lat' dir='ltr'>etiamnum</span> <span class='ocrx_word' id='word_1_121' title='bbox 1157 2429 1295 2510; x_wconf 92' lang='lat' dir='ltr'>incon-</span> 
     </span>
     <span class='ocr_line' id='line_1_18' title="bbox 144 2536 1379 2648; baseline -0.001 -27"><span class='ocrx_word' id='word_1_122' title='bbox 144 2538 239 2621; x_wconf 77' lang='lat' dir='ltr'>fella</span> <span class='ocrx_word' id='word_1_123' title='bbox 258 2540 371 2621; x_wconf 91' lang='lat' dir='ltr'>nobis</span> <span class='ocrx_word' id='word_1_124' title='bbox 391 2539 490 2620; x_wconf 85' lang='lat' dir='ltr'>sunt.</span> <span class='ocrx_word' id='word_1_125' title='bbox 550 2543 606 2620; x_wconf 86' lang='lat' dir='ltr'>Et</span> <span class='ocrx_word' id='word_1_126' title='bbox 624 2538 694 2619; x_wconf 88' lang='lat' dir='ltr'>ista</span> <span class='ocrx_word' id='word_1_127' title='bbox 713 2539 876 2648; x_wconf 89' lang='lat' dir='ltr'>quidem</span> <span class='ocrx_word' id='word_1_128' title='bbox 892 2536 919 2617; x_wconf 87' lang='lat' dir='ltr'>fi</span> <span class='ocrx_word' id='word_1_129' title='bbox 940 2539 979 2616; x_wconf 94' lang='lat' dir='ltr'>in</span> <span class='ocrx_word' id='word_1_130' title='bbox 996 2539 1169 2633; x_wconf 91' lang='lat' dir='ltr'>occulto,</span> <span class='ocrx_word' id='word_1_131' title='bbox 1186 2538 1296 2620; x_wconf 91' lang='lat' dir='ltr'>clau·</span> <span class='ocrx_word' id='word_1_132' title='bbox 1376 2552 1379 2557; x_wconf 83' lang='lat'>&#39;</span> 
     </span>
     <span class='ocr_line' id='line_1_19' title="bbox 145 2647 1295 2761; baseline 0.002 -30"><span class='ocrx_word' id='word_1_133' title='bbox 145 2650 268 2761; x_wconf 82' lang='lat' dir='ltr'>sasque</span> <span class='ocrx_word' id='word_1_134' title='bbox 287 2651 452 2747; x_wconf 88' lang='lat' dir='ltr'>foribus,</span> <span class='ocrx_word' id='word_1_135' title='bbox 474 2673 518 2731; x_wconf 93' lang='lat' dir='ltr'>ut</span> <span class='ocrx_word' id='word_1_136' title='bbox 537 2678 698 2761; x_wconf 89' lang='lat' dir='ltr'>peccare</span> <span class='ocrx_word' id='word_1_137' title='bbox 718 2647 843 2745; x_wconf 54' lang='lat' dir='ltr'>antea</span> <span class='ocrx_word' id='word_1_138' title='bbox 864 2652 918 2729; x_wconf 92' lang='lat' dir='ltr'>ita</span> <span class='ocrx_word' id='word_1_139' title='bbox 944 2678 1049 2729; x_wconf 92' lang='lat' dir='ltr'>nunc</span> <span class='ocrx_word' id='word_1_140' title='bbox 1075 2652 1227 2760; x_wconf 91' lang='lat' dir='ltr'>precari</span> <span class='ocrx_word' id='word_1_141' title='bbox 1254 2652 1295 2733; x_wconf 92' lang='lat' dir='ltr'>in</span> 
     </span>
     <span class='ocr_line' id='line_1_20' title="bbox 145 2752 1297 2871; baseline -0.001 -26"><span class='ocrx_word' id='word_1_142' title='bbox 145 2766 329 2845; x_wconf 90' lang='lat' dir='ltr'>animum</span> <span class='ocrx_word' id='word_1_143' title='bbox 342 2752 792 2857; x_wconf 76' lang='lat' dir='ltr'>induxiffes,laudaffem</span> <span class='ocrx_word' id='word_1_144' title='bbox 808 2760 994 2871; x_wconf 86' lang='lat' dir='ltr'>equidem</span> <span class='ocrx_word' id='word_1_145' title='bbox 1013 2782 1064 2856; x_wconf 90' lang='lat' dir='ltr'>te,</span> <span class='ocrx_word' id='word_1_146' title='bbox 1079 2760 1127 2843; x_wconf 71' lang='lat' dir='ltr'>de</span> <span class='ocrx_word' id='word_1_147' title='bbox 1159 2793 1207 2843; x_wconf 90' lang='lat' dir='ltr'>ue</span> <span class='ocrx_word' id='word_1_148' title='bbox 1228 2763 1297 2844; x_wconf 92' lang='lat' dir='ltr'>be·</span> 
     </span>
     <span class='ocr_line' id='line_1_21' title="bbox 144 2793 1293 2984; baseline 0.001 -27"><span class='ocrx_word' id='word_1_149' title='bbox 144 2878 340 2984; x_wconf 84' lang='lat' dir='ltr'>nignitate</span> <span class='ocrx_word' id='word_1_150' title='bbox 358 2896 398 2957; x_wconf 91' lang='lat' dir='ltr'>et</span> <span class='ocrx_word' id='word_1_151' title='bbox 417 2877 629 2957; x_wconf 85' lang='lat' dir='ltr'>clementia</span> <span class='ocrx_word' id='word_1_152' title='bbox 648 2874 777 2955; x_wconf 88' lang='lat' dir='ltr'>divina</span> <span class='ocrx_word' id='word_1_153' title='bbox 797 2872 896 2955; x_wconf 73' lang='lat' dir='ltr'>bene</span> <span class='ocrx_word' id='word_1_154' title='bbox 917 2873 1066 2984; x_wconf 89' lang='lat' dir='ltr'>sperare</span> <span class='ocrx_word' id='word_1_155' title='bbox 1081 2793 1293 2983; x_wconf 67' lang='lat' dir='ltr'>juilrffem:</span> 
     </span>
     <span class='ocr_line' id='line_1_22' title="bbox 145 2982 1294 3099; baseline 0 -30"><span class='ocrx_word' id='word_1_156' title='bbox 145 3016 253 3069; x_wconf 90' lang='lat' dir='ltr'>nunc</span> <span class='ocrx_word' id='word_1_157' title='bbox 272 3015 365 3069; x_wconf 92' lang='lat' dir='ltr'>cum</span> <span class='ocrx_word' id='word_1_158' title='bbox 386 2989 426 3067; x_wconf 95' lang='lat' dir='ltr'>in</span> <span class='ocrx_word' id='word_1_159' title='bbox 446 2988 574 3099; x_wconf 89' lang='lat' dir='ltr'>platea</span> <span class='ocrx_word' id='word_1_160' title='bbox 594 2988 726 3067; x_wconf 89' lang='lat' dir='ltr'>media</span> <span class='ocrx_word' id='word_1_161' title='bbox 745 3007 921 3066; x_wconf 90' lang='lat' dir='ltr'>orantem</span> <span class='ocrx_word' id='word_1_162' title='bbox 943 3006 980 3065; x_wconf 93' lang='lat' dir='ltr'>te</span> <span class='ocrx_word' id='word_1_163' title='bbox 999 2982 1066 3067; x_wconf 85' lang='lat' dir='ltr'>hlc</span> <span class='ocrx_word' id='word_1_164' title='bbox 1086 2990 1294 3098; x_wconf 87' lang='lat' dir='ltr'>reperiam,</span> 
     </span>
     <span class='ocr_line' id='line_1_23' title="bbox 144 3095 1296 3210; baseline 0 -29"><span class='ocrx_word' id='word_1_165' title='bbox 144 3101 195 3181; x_wconf 87' lang='lat' dir='ltr'>ad</span> <span class='ocrx_word' id='word_1_166' title='bbox 215 3100 397 3183; x_wconf 89' lang='lat' dir='ltr'>homines</span> <span class='ocrx_word' id='word_1_167' title='bbox 420 3098 553 3210; x_wconf 80' lang='lat' dir='ltr'>potibs</span> <span class='ocrx_word' id='word_1_168' title='bbox 580 3095 700 3207; x_wconf 73' lang='lat' dir='ltr'>quam</span> <span class='ocrx_word' id='word_1_169' title='bbox 728 3099 777 3179; x_wconf 86' lang='lat' dir='ltr'>ad</span> <span class='ocrx_word' id='word_1_170' title='bbox 801 3100 937 3179; x_wconf 90' lang='lat' dir='ltr'>Deum</span> <span class='ocrx_word' id='word_1_171' title='bbox 958 3100 1206 3181; x_wconf 87' lang='lat' dir='ltr'>concinnatas</span> <span class='ocrx_word' id='word_1_172' title='bbox 1226 3099 1296 3182; x_wconf 90' lang='lat' dir='ltr'>has</span> 
     </span>
     <span class='ocr_line' id='line_1_24' title="bbox 144 3208 1296 3322; baseline 0 -29"><span class='ocrx_word' id='word_1_173' title='bbox 144 3212 220 3294; x_wconf 80' lang='lat' dir='ltr'>effe</span> <span class='ocrx_word' id='word_1_174' title='bbox 240 3240 388 3322; x_wconf 82' lang='lat' dir='ltr'>preces,</span> <span class='ocrx_word' id='word_1_175' title='bbox 404 3231 444 3292; x_wconf 92' lang='lat' dir='ltr'>et</span> <span class='ocrx_word' id='word_1_176' title='bbox 461 3212 569 3321; x_wconf 89' lang='lat' dir='ltr'>quafi</span> <span class='ocrx_word' id='word_1_177' title='bbox 585 3208 725 3291; x_wconf 89' lang='lat' dir='ltr'>ultima</span> <span class='ocrx_word' id='word_1_178' title='bbox 737 3209 903 3316; x_wconf 88' lang='lat' dir='ltr'>jacentis</span> <span class='ocrx_word' id='word_1_179' title='bbox 925 3209 998 3290; x_wconf 79' lang='lat' dir='ltr'>tuae</span> <span class='ocrx_word' id='word_1_180' title='bbox 1016 3209 1110 3290; x_wconf 90' lang='lat' dir='ltr'>fidei</span> <span class='ocrx_word' id='word_1_181' title='bbox 1129 3211 1296 3321; x_wconf 89' lang='lat' dir='ltr'>publicae</span> 
     </span>
     <span class='ocr_line' id='line_1_25' title="bbox 144 3317 1295 3435; baseline 0 -30"><span class='ocrx_word' id='word_1_182' title='bbox 144 3324 305 3435; x_wconf 84' lang='lat' dir='ltr'>suspiria</span> <span class='ocrx_word' id='word_1_183' title='bbox 317 3325 544 3430; x_wconf 86' lang='lat' dir='ltr'>judicarim.</span> <span class='ocrx_word' id='word_1_184' title='bbox 606 3317 659 3401; x_wconf 70' lang='lat' dir='ltr'>Te</span> <span class='ocrx_word' id='word_1_185' title='bbox 671 3325 793 3416; x_wconf 83' lang='lat' dir='ltr'>Deus,</span> <span class='ocrx_word' id='word_1_186' title='bbox 808 3341 845 3405; x_wconf 88' lang='lat' dir='ltr'>te</span> <span class='ocrx_word' id='word_1_187' title='bbox 862 3320 981 3431; x_wconf 71' lang='lat' dir='ltr'>testem</span> <span class='ocrx_word' id='word_1_188' title='bbox 1000 3321 1141 3417; x_wconf 80' lang='lat' dir='ltr'>invoca,</span> <span class='ocrx_word' id='word_1_189' title='bbox 1157 3354 1207 3404; x_wconf 85' lang='lat' dir='ltr'>an</span> <span class='ocrx_word' id='word_1_190' title='bbox 1224 3354 1295 3405; x_wconf 84' lang='lat' dir='ltr'>non</span> 
     </span>
     <span class='ocr_line' id='line_1_26' title="bbox 145 3430 1295 3544; baseline -0.003 -27"><span class='ocrx_word' id='word_1_191' title='bbox 145 3435 300 3519; x_wconf 81' lang='lat' dir='ltr'>videant</span> <span class='ocrx_word' id='word_1_192' title='bbox 318 3436 475 3517; x_wconf 81' lang='lat' dir='ltr'>homines</span> <span class='ocrx_word' id='word_1_193' title='bbox 489 3436 527 3515; x_wconf 88' lang='lat' dir='ltr'>in</span> <span class='ocrx_word' id='word_1_194' title='bbox 542 3433 648 3515; x_wconf 85' lang='lat' dir='ltr'>corde</span> <span class='ocrx_word' id='word_1_195' title='bbox 665 3435 726 3543; x_wconf 70' lang='lat' dir='ltr'>ssa</span> <span class='ocrx_word' id='word_1_196' title='bbox 742 3462 825 3544; x_wconf 80' lang='lat' dir='ltr'>quae</span> <span class='ocrx_word' id='word_1_197' title='bbox 839 3452 884 3513; x_wconf 85' lang='lat' dir='ltr'>tu</span> <span class='ocrx_word' id='word_1_198' title='bbox 898 3463 967 3514; x_wconf 87' lang='lat' dir='ltr'>non</span> <span class='ocrx_word' id='word_1_199' title='bbox 982 3430 1097 3513; x_wconf 86' lang='lat' dir='ltr'>vider.</span> <span class='ocrx_word' id='word_1_200' title='bbox 1140 3436 1178 3514; x_wconf 93' lang='grc' dir='ltr'>Ο</span> <span class='ocrx_word' id='word_1_201' title='bbox 1200 3463 1295 3517; x_wconf 90' lang='lat' dir='ltr'>con-</span> 
     </span>
     <span class='ocr_line' id='line_1_27' title="bbox 143 3542 1296 3656; baseline 0 -28"><span class='ocrx_word' id='word_1_202' title='bbox 143 3548 352 3629; x_wconf 86' lang='lat' dir='ltr'>feffionem</span> <span class='ocrx_word' id='word_1_203' title='bbox 370 3548 515 3629; x_wconf 86' lang='lat' dir='ltr'>claram</span> <span class='ocrx_word' id='word_1_204' title='bbox 535 3566 651 3654; x_wconf 89' lang='lat' dir='ltr'>atque</span> <span class='ocrx_word' id='word_1_205' title='bbox 672 3542 917 3654; x_wconf 89' lang='lat' dir='ltr'>fimplicem!</span> <span class='ocrx_word' id='word_1_206' title='bbox 948 3543 1075 3625; x_wconf 84' lang='lat' dir='ltr'>immb</span> <span class='ocrx_word' id='word_1_207' title='bbox 1091 3545 1183 3626; x_wconf 84' lang='lat' dir='ltr'>verb</span> <span class='ocrx_word' id='word_1_208' title='bbox 1199 3548 1296 3656; x_wconf 94' lang='lat' dir='ltr'>quid</span> 
     </span>
     <span class='ocr_line' id='line_1_28' title="bbox 141 3655 1296 3768; baseline -0.004 -27"><span class='ocrx_word' id='word_1_209' title='bbox 141 3659 359 3755; x_wconf 86' lang='lat' dir='ltr'>obscurius,</span> <span class='ocrx_word' id='word_1_210' title='bbox 379 3661 477 3768; x_wconf 93' lang='lat' dir='ltr'>quid</span> <span class='ocrx_word' id='word_1_211' title='bbox 500 3660 667 3752; x_wconf 86' lang='lat' dir='ltr'>cautius,</span> <span class='ocrx_word' id='word_1_212' title='bbox 687 3658 784 3768; x_wconf 93' lang='lat' dir='ltr'>quid</span> <span class='ocrx_word' id='word_1_213' title='bbox 800 3655 1103 3762; x_wconf 87' lang='lat' dir='ltr'>jureconsultius</span> <span class='ocrx_word' id='word_1_214' title='bbox 1128 3686 1296 3768; x_wconf 90' lang='lat' dir='ltr'>compo-</span> 
     </span>
     <span class='ocr_line' id='line_1_29' title="bbox 144 3768 1295 3882; baseline -0.002 -28"><span class='ocrx_word' id='word_1_215' title='bbox 144 3769 256 3855; x_wconf 82' lang='lat' dir='ltr'>suiffe</span> <span class='ocrx_word' id='word_1_216' title='bbox 293 3792 463 3882; x_wconf 87' lang='lat' dir='ltr'>poteras,</span> <span class='ocrx_word' id='word_1_217' title='bbox 495 3790 540 3850; x_wconf 93' lang='lat' dir='ltr'>ut</span> <span class='ocrx_word' id='word_1_218' title='bbox 574 3770 714 3850; x_wconf 88' lang='lat' dir='ltr'>decem</span> <span class='ocrx_word' id='word_1_219' title='bbox 746 3770 958 3851; x_wconf 85' lang='lat' dir='ltr'>caufidicos</span> <span class='ocrx_word' id='word_1_220' title='bbox 987 3769 1049 3849; x_wconf 91' lang='lat' dir='ltr'>vel</span> <span class='ocrx_word' id='word_1_221' title='bbox 1079 3768 1295 3852; x_wconf 74' lang='lat' dir='ltr'>adhibuisse</span> 
     </span>
     <span class='ocr_line' id='line_1_30' title="bbox 144 3880 1296 3993; baseline 0 -30"><span class='ocrx_word' id='word_1_222' title='bbox 144 3884 335 3978; x_wconf 85' lang='lat' dir='ltr'>viderere,</span> <span class='ocrx_word' id='word_1_223' title='bbox 355 3885 419 3964; x_wconf 92' lang='lat' dir='ltr'>vel</span> <span class='ocrx_word' id='word_1_224' title='bbox 443 3880 710 3993; x_wconf 73' lang='lat' dir='ltr'>pertimuisse?</span> <span class='ocrx_word' id='word_1_225' title='bbox 770 3880 881 3962; x_wconf 91' lang='lat' dir='ltr'>Nam</span> <span class='ocrx_word' id='word_1_226' title='bbox 907 3880 1002 3990; x_wconf 92' lang='lat' dir='ltr'>quid</span> <span class='ocrx_word' id='word_1_227' title='bbox 1030 3880 1107 3960; x_wconf 92' lang='lat' dir='ltr'>hoc</span> <span class='ocrx_word' id='word_1_228' title='bbox 1133 3882 1203 3977; x_wconf 87' lang='lat' dir='ltr'>est,</span> <span class='ocrx_word' id='word_1_229' title='bbox 1224 3882 1296 3963; x_wconf 92' lang='lat' dir='ltr'>ob-</span> 
     </span>
     <span class='ocr_line' id='line_1_31' title="bbox 142 3989 1296 4103; baseline 0 -28"><span class='ocrx_word' id='word_1_230' title='bbox 142 3996 280 4077; x_wconf 82' lang='lat' dir='ltr'>secro?</span> <span class='ocrx_word' id='word_1_231' title='bbox 308 4024 359 4079; x_wconf 87' lang='lat' dir='ltr'>an</span> <span class='ocrx_word' id='word_1_232' title='bbox 387 4025 456 4077; x_wconf 83' lang='lat' dir='ltr'>nan</span> <span class='ocrx_word' id='word_1_233' title='bbox 489 3993 642 4076; x_wconf 83' lang='lat' dir='ltr'>videant</span> <span class='ocrx_word' id='word_1_234' title='bbox 669 3992 824 4074; x_wconf 76' lang='lat' dir='ltr'>homines</span> <span class='ocrx_word' id='word_1_235' title='bbox 852 3993 889 4073; x_wconf 87' lang='lat' dir='ltr'>in</span> <span class='ocrx_word' id='word_1_236' title='bbox 919 3989 1023 4074; x_wconf 83' lang='lat' dir='ltr'>corde</span> <span class='ocrx_word' id='word_1_237' title='bbox 1051 3992 1068 4072; x_wconf 83' lang='lat' dir='ltr'>i</span> <span class='ocrx_word' id='word_1_238' title='bbox 1094 4025 1125 4073; x_wconf 88' lang='lat' dir='ltr'>o.</span> <span class='ocrx_word' id='word_1_239' title='bbox 1186 3994 1296 4103; x_wconf 82' lang='lat' dir='ltr'>Qid</span> 
     </span>
     <span class='ocr_line' id='line_1_32' title="bbox 142 4101 1298 4216; baseline 0.002 -29"><span class='ocrx_word' id='word_1_240' title='bbox 142 4109 287 4189; x_wconf 78' lang='lat' dir='ltr'>vident.</span> <span class='ocrx_word' id='word_1_241' title='bbox 306 4107 488 4189; x_wconf 89' lang='lat' dir='ltr'>homines</span> <span class='ocrx_word' id='word_1_242' title='bbox 517 4108 557 4185; x_wconf 95' lang='lat' dir='ltr'>in</span> <span class='ocrx_word' id='word_1_243' title='bbox 584 4106 727 4187; x_wconf 90' lang='lat' dir='ltr'>corde?</span> <span class='ocrx_word' id='word_1_244' title='bbox 787 4107 998 4186; x_wconf 87' lang='lat' dir='ltr'>Urinatore</span> <span class='ocrx_word' id='word_1_245' title='bbox 1024 4101 1091 4185; x_wconf 80' lang='lat' dir='ltr'>hic</span> <span class='ocrx_word' id='word_1_246' title='bbox 1117 4135 1216 4216; x_wconf 93' lang='lat' dir='ltr'>opus</span> <span class='ocrx_word' id='word_1_247' title='bbox 1241 4108 1298 4189; x_wconf 91' lang='lat' dir='ltr'>est</span> 
     </span>
     <span class='ocr_line' id='line_1_33' title="bbox 143 4217 1294 4328; baseline -0.003 -25"><span class='ocrx_word' id='word_1_248' title='bbox 143 4221 282 4303; x_wconf 83' lang='lat' dir='ltr'>Delio.</span> <span class='ocrx_word' id='word_1_249' title='bbox 343 4217 495 4299; x_wconf 81' lang='lat' dir='ltr'>Veritm</span> <span class='ocrx_word' id='word_1_250' title='bbox 524 4218 620 4328; x_wconf 92' lang='lat' dir='ltr'>quid</span> <span class='ocrx_word' id='word_1_251' title='bbox 648 4218 735 4326; x_wconf 92' lang='lat' dir='ltr'>quis</span> <span class='ocrx_word' id='word_1_252' title='bbox 764 4217 804 4295; x_wconf 93' lang='lat' dir='ltr'>in</span> <span class='ocrx_word' id='word_1_253' title='bbox 834 4218 950 4297; x_wconf 88' lang='lat' dir='ltr'>corde</span> <span class='ocrx_word' id='word_1_254' title='bbox 975 4217 1120 4313; x_wconf 87' lang='lat' dir='ltr'>videat,</span> <span class='ocrx_word' id='word_1_255' title='bbox 1139 4218 1294 4302; x_wconf 87' lang='lat' dir='ltr'>viderit.</span> 
     </span>
     <span class='ocr_line' id='line_1_34' title="bbox 143 4326 1296 4441; baseline -0.002 -26"><span class='ocrx_word' id='word_1_256' title='bbox 143 4334 237 4440; x_wconf 85' lang='lat' dir='ltr'>Ego</span> <span class='ocrx_word' id='word_1_257' title='bbox 264 4331 366 4413; x_wconf 71' lang='lat' dir='ltr'>facta</span> <span class='ocrx_word' id='word_1_258' title='bbox 392 4332 537 4441; x_wconf 88' lang='lat' dir='ltr'>palam,</span> <span class='ocrx_word' id='word_1_259' title='bbox 567 4330 713 4421; x_wconf 89' lang='lat' dir='ltr'>audita,</span> <span class='ocrx_word' id='word_1_260' title='bbox 737 4326 828 4422; x_wconf 88' lang='lat' dir='ltr'>visa,</span> <span class='ocrx_word' id='word_1_261' title='bbox 857 4329 991 4410; x_wconf 87' lang='lat' dir='ltr'>testata</span> <span class='ocrx_word' id='word_1_262' title='bbox 1019 4329 1170 4410; x_wconf 87' lang='lat' dir='ltr'>refero:</span> <span class='ocrx_word' id='word_1_263' title='bbox 1201 4360 1296 4439; x_wconf 86' lang='lat' dir='ltr'>quas</span> 
     </span>
     <span class='ocr_line' id='line_1_35' title="bbox 143 4439 1296 4543; baseline -0.006 -15"><span class='ocrx_word' id='word_1_264' title='bbox 143 4472 265 4543; x_wconf 84' lang='lat' dir='ltr'>nemo</span> <span class='ocrx_word' id='word_1_265' title='bbox 292 4472 402 4525; x_wconf 86' lang='lat' dir='ltr'>meas</span> <span class='ocrx_word' id='word_1_266' title='bbox 431 4442 505 4523; x_wconf 82' lang='lat' dir='ltr'>elle</span> <span class='ocrx_word' id='word_1_267' title='bbox 541 4441 756 4522; x_wconf 90' lang='lat' dir='ltr'>calumnias</span> <span class='ocrx_word' id='word_1_268' title='bbox 785 4439 862 4519; x_wconf 91' lang='lat' dir='ltr'>fine</span> <span class='ocrx_word' id='word_1_269' title='bbox 893 4441 1070 4520; x_wconf 85' lang='lat' dir='ltr'>maxima</span> <span class='ocrx_word' id='word_1_270' title='bbox 1098 4441 1296 4522; x_wconf 91' lang='lat' dir='ltr'>calumnia</span> 
     </span>
     <span class='ocr_line' id='line_1_36' title="bbox 142 4552 1298 4662; baseline -0.004 -23"><span class='ocrx_word' id='word_1_271' title='bbox 142 4558 304 4639; x_wconf 83' lang='lat' dir='ltr'>dixerit.</span> <span class='ocrx_word' id='word_1_272' title='bbox 364 4555 494 4662; x_wconf 66' lang='lat' dir='ltr'>Longb</span> <span class='ocrx_word' id='word_1_273' title='bbox 516 4555 666 4662; x_wconf 82' lang='lat' dir='ltr'>turpior</span> <span class='ocrx_word' id='word_1_274' title='bbox 675 4552 778 4659; x_wconf 75' lang='lat' dir='ltr'>stam,</span> <span class='ocrx_word' id='word_1_275' title='bbox 800 4552 839 4630; x_wconf 92' lang='lat' dir='ltr'>in</span> <span class='ocrx_word' id='word_1_276' title='bbox 871 4554 945 4646; x_wconf 92' lang='lat' dir='ltr'>uis,</span> <span class='ocrx_word' id='word_1_277' title='bbox 966 4581 1008 4631; x_wconf 86' lang='lat' dir='ltr'>re</span> <span class='ocrx_word' id='word_1_278' title='bbox 1036 4552 1175 4661; x_wconf 85' lang='lat' dir='ltr'>quidem</span> <span class='ocrx_word' id='word_1_279' title='bbox 1202 4583 1298 4635; x_wconf 85' lang='lat' dir='ltr'>vera</span> 
     </span>
     <span class='ocr_line' id='line_1_37' title="bbox 140 4661 1303 4779; baseline -0.003 -28"><span class='ocrx_word' id='word_1_280' title='bbox 140 4667 254 4779; x_wconf 75' lang='lat' dir='ltr'>qudm</span> <span class='ocrx_word' id='word_1_281' title='bbox 273 4667 340 4749; x_wconf 82' lang='lat' dir='ltr'>illa</span> <span class='ocrx_word' id='word_1_282' title='bbox 344 4667 533 4775; x_wconf 50' lang='lat' dir='ltr'>fingam&amp;</span> <span class='ocrx_word' id='word_1_283' title='bbox 564 4664 606 4744; x_wconf 87' lang='lat' dir='ltr'>ob</span> <span class='ocrx_word' id='word_1_284' title='bbox 625 4666 692 4745; x_wconf 85' lang='lat' dir='ltr'>illa</span> <span class='ocrx_word' id='word_1_285' title='bbox 710 4681 766 4743; x_wconf 88' lang='lat' dir='ltr'>tot</span> <span class='ocrx_word' id='word_1_286' title='bbox 784 4663 832 4743; x_wconf 84' lang='lat' dir='ltr'>ab</span> <span class='ocrx_word' id='word_1_287' title='bbox 848 4661 1007 4757; x_wconf 83' lang='lat' dir='ltr'>condita,</span> <span class='ocrx_word' id='word_1_288' title='bbox 1052 4692 1180 4745; x_wconf 82' lang='lat' dir='ltr'>uorum</span> <span class='ocrx_word' id='word_1_289' title='bbox 1199 4666 1303 4777; x_wconf 83' lang='lat' dir='ltr'>apud</span> 
     </span>
     <span class='ocr_line' id='line_1_38' title="bbox 140 4693 1298 4887; baseline -0.003 -24"><span class='ocrx_word' id='word_1_290' title='bbox 140 4800 181 4863; x_wconf 85' lang='lat' dir='ltr'>te</span> <span class='ocrx_word' id='word_1_291' title='bbox 199 4810 287 4863; x_wconf 79' lang='lat' dir='ltr'>raus</span> <span class='ocrx_word' id='word_1_292' title='bbox 306 4778 504 4887; x_wconf 70' lang='lat' dir='ltr'>verlsum.</span> <span class='ocrx_word' id='word_1_293' title='bbox 564 4780 629 4859; x_wconf 88' lang='lat' dir='ltr'>Sic</span> <span class='ocrx_word' id='word_1_294' title='bbox 651 4798 692 4857; x_wconf 91' lang='lat' dir='ltr'>tu</span> <span class='ocrx_word' id='word_1_295' title='bbox 714 4796 805 4856; x_wconf 90' lang='lat' dir='ltr'>nota</span> <span class='ocrx_word' id='word_1_296' title='bbox 830 4776 989 4885; x_wconf 85' lang='lat' dir='ltr'>ignotis,</span> <span class='ocrx_word' id='word_1_297' title='bbox 1011 4693 1112 4855; x_wconf 84' lang='lat' dir='ltr'>clara</span> <span class='ocrx_word' id='word_1_298' title='bbox 1137 4775 1298 4861; x_wconf 85' lang='lat' dir='ltr'>abscon·</span> 
     </span>
    </p>
   </div>
   <div class='ocr_carea' id='block_1_3' title="bbox 0 0 1448 5204">
    <p class='ocr_par' dir='ltr' id='par_1_3' title="bbox 0 0 1448 5204">
     <span class='ocr_line' id='line_1_39' title="bbox 0 0 1448 5204; baseline 0 0"><span class='ocrx_word' id='word_1_299' title='bbox 0 0 1448 5204; x_wconf 95' lang='lat' dir='ltr'> </span> 
     </span>
    </p>
   </div>
  </div>
 </body>
</html>
