2888 5204
249 562 303 662 46
525 547 618 642 Pro
643 540 829 676 Populo
853 538 1124 674 Anglicano

255 749 320 802 12.
380 723 471 801 Rex
483 722 617 830 itaque
632 719 786 825 Jehova
802 739 889 800 tum
904 720 1045 830 populi
1055 718 1157 814 fuit;
1185 717 1321 800 Moses
1331 746 1395 798 ve·

252 835 326 914 luti
345 834 536 943 interpres
556 830 884 937 tantiamJehovae
903 834 1019 939 regis.
1077 832 1258 942 Impium
1275 832 1395 940 igitur

251 964 291 1025 et
309 946 542 1052 sacrilegum
562 964 601 1024 te
620 945 694 1023 effe
714 962 885 1054 oportet,
899 946 971 1051 qui
989 943 1184 1024 summam
1203 941 1307 1023 hanc
1325 970 1396 1052 po-

251 1058 429 1137 testatem
448 1054 470 1135 i
491 1058 582 1136 Deo
600 1057 649 1136 ad
667 1054 875 1136 hominem
895 1055 1054 1160 injuffus
1066 1057 1164 1136 aufis
1179 1052 1395 1148 transferre,

252 1196 373 1277 quam
392 1168 471 1277 ipse
492 1167 624 1247 Moses
643 1195 723 1247 non
742 1168 938 1247 summam
957 1166 1020 1248 sed
1039 1168 1225 1247 vicariam
1244 1163 1396 1247 tautum

252 1300 292 1360 et
304 1279 579 1361 intermediam
591 1279 660 1359 sub
672 1279 847 1388 praesenti
858 1279 1022 1358 numine
1036 1279 1221 1359 obtinuit.
1267 1280 1395 1359 Acce-

252 1394 312 1471 dit
323 1394 444 1472 etiam
457 1390 640 1471 cumulus
659 1393 708 1470 ad
727 1390 1022 1501 improbitatem
1043 1387 1288 1498 tuam,un
1300 1391 1397 1471 Mo-

253 1503 317 1582 sen
336 1502 403 1583 hic
422 1502 573 1582 summa
592 1501 781 1610 potestate
801 1528 936 1608 regem
955 1500 1067 1582 fuiffe
1085 1502 1217 1596 dicas;
1246 1498 1344 1582 cum
1356 1502 1397 1581 in

252 1635 440 1724 apparatu
454 1615 503 1693 ad
519 1615 750 1722 primatum,
762 1642 803 1722 p.
820 1640 842 1692 2
849 1640 915 1719 30.
958 1617 1057 1694 Eum
1071 1614 1109 1694 in
1122 1642 1305 1694 commune
1318 1641 1397 1693 cum

255 1753 339 1806 ixx
348 1723 559 1832 senioribus
575 1726 751 1833 populum
769 1725 899 1834 rcxiffe
911 1755 926 1817 ,·
950 1743 988 1805 et
1005 1725 1169 1834 primum
1184 1724 1319 1834 populi
1330 1754 1397 1805 nan

252 1837 509 1945 daminumsui
532 1838 722 1916 edixeris.
754 1838 794 1916 Si
806 1838 929 1944 igitur
940 1865 1010 1917 rex
1024 1834 1397 1931 fuiruteratcerre,

253 1967 294 2028 et
313 1975 453 2055 regum
473 1950 662 2056 optimus,
683 1950 801 2056 idque
818 1949 914 2028 ficut
932 1948 1012 2056 ipse
1031 1953 1101 2041 ais,
1116 1977 1211 2028 cum
1223 1947 1399 2057 potestate
1440 1970 1443 1975 ·

247 2059 517 2168 planlstemmd
527 2076 564 2138 et
575 2060 696 2166 regid,
716 2088 789 2140 nec
802 2078 935 2139 tamen
946 2061 1145 2154 dominus,
1161 2088 1290 2168 neque
1301 2059 1398 2139 solus

253 2171 450 2281 populum
469 2170 643 2279 regebat,
662 2172 725 2251 vel
745 2190 784 2251 te
802 2170 982 2266 authore,
1002 2169 1210 2252 neceffario
1228 2170 1400 2279 sequitur
1441 2194 1443 2199 ·

254 2311 379 2391 reges,
396 2284 575 2390 quamvis
589 2282 742 2362 summa
757 2284 946 2392 potestate
959 2284 1152 2392 praeditos,
1161 2283 1251 2391 jure
1268 2303 1399 2364 tamen
1441 2372 1443 2383 Ι

254 2398 364 2503 regio
378 2414 496 2503 atque
508 2394 677 2487 summo,
690 2422 768 2474 non
780 2393 856 2474 effe
868 2395 1064 2490 dominos,
1077 2423 1206 2502 neque
1217 2394 1399 2505 solospo·
1440 2388 1443 2441 ³

254 2508 396 2617 pulum
409 2506 716 2614 regeredebere;
737 2505 886 2614 quanto
898 2503 1030 2586 minus
1041 2508 1090 2587 ad
1098 2506 1259 2586 libitum
1270 2505 1396 2586 suum.

256 2620 348 2723 Jam
367 2617 460 2697 vero
476 2647 554 2724 qua
573 2619 819 2726 impudentia
836 2619 916 2697 Dei
936 2619 1166 2699 mandatum
1185 2617 1397 2710 ementitis,

255 2730 298 2811 dc
315 2759 402 2836 rege
412 2730 547 2837 statim
564 2747 676 2840 atque
692 2728 841 2836 ingreffi
854 2730 963 2839 effint
981 2748 1124 2810 terram
1135 2730 1314 2836 sturbium
1324 2728 1401 2834 fibi

254 2841 506 2952 corylituendo.
567 2843 691 2942 Deut.
720 2865 783 2945 17.
809 2839 1020 2950 supprimis
1046 2843 1154 2921 enim
1172 2840 1397 2939 veteratorii

254 2956 361 3064 quod
373 2952 570 3064 praecedit,
569 2954 613 3058 fi
618 2951 771 3046 dixeris,
771 2952 943 3061 statuam
940 2952 1245 3063 supermeregem
1249 2986 1265 3047 ,·
1280 2972 1397 3061 tuque

256 3086 458 3147 memento
473 3065 570 3175 quid
586 3061 658 3144 ite
666 3065 752 3169 jam
766 3063 964 3173 reposcam
978 3095 989 3158 3
1010 3062 1105 3145 cum
1118 3065 1262 3145 dixeris
1276 3096 1318 3176 p.
1332 3090 1394 3167 42.

254 3179 445 3259 liberrima
463 3196 554 3257 tunc
566 3178 744 3285 potestate
755 3177 914 3284 populus
931 3194 1017 3256 erat
1028 3177 1228 3285 praeditus.
1279 3178 1396 3258 Nunc

255 3293 400 3370 iterum
420 3288 611 3368 fanaticus
637 3317 686 3367 an
712 3287 896 3396 profanus
916 3288 990 3367 effe
1009 3289 1119 3383 velis,
1143 3288 1224 3398 ipse
1243 3288 1394 3369 videris.

256 3404 379 3495 Deus,
407 3401 552 3509 inquis,
579 3397 661 3479 ciem
690 3417 795 3479 tanto
821 3400 910 3480 ant>
931 3398 1236 3480 determinaverit
1261 3401 1397 3508 regium

255 3515 416 3621 regimen
435 3510 689 3620 instituendum
707 3527 885 3620 tanquam
902 3512 1074 3620 optimum
1082 3512 1215 3623 populi
1226 3511 1328 3593 illius
1342 3540 1396 3591 re·

252 3625 529 3733 gendistatum,
550 3622 713 3732 quomodo
726 3622 806 3703 ltaec
823 3622 1153 3704 conciliabantur?
1211 3624 1397 3733 Propheta

255 3737 498 3845 repugnavit,
514 3737 622 3815 Deus
626 3736 688 3840 stc
701 3735 778 3842 egit
791 3764 873 3815 cum
885 3736 1082 3844 propheta,
1104 3755 1147 3815 ut
1160 3736 1265 3845 quast
1279 3736 1396 3816 nollet.

256 3850 378 3927 Videt
391 3847 426 3926 se
440 3847 831 3953 illaqueatum,videt
843 3846 879 3925 se
892 3848 1149 3956 impeditum:
1173 3848 1398 3951 Jamatten·

256 3960 337 4039 dite
351 3957 495 4066 quanti
513 3984 607 4035 cum
627 3959 778 4038 malitia
797 3958 973 4038 adversus
993 3956 1243 4068 prophetam,
1257 3960 1398 4069 impie-

257 4090 335 4151 tate
345 4067 522 4149 adversus
534 4069 671 4148 Deum
685 4070 872 4180 expedire
883 4069 919 4148 se
931 4090 1097 4178 quaerat:
1119 4069 1398 4178 cogitandumin

256 4183 313 4262 his
335 4181 397 4288 est,
423 4181 567 4288 inquit,
587 4182 787 4261 Samuelem
806 4182 870 4291 effe
894 4181 1000 4287 cujus
1011 4183 1098 4291 filii
1112 4184 1290 4293 papulum
1314 4202 1400 4264 tunc

244 4291 485 4406 judicabant,
505 4320 560 4370 eos
571 4294 730 4401 populus
745 4292 965 4403 repudiabat
983 4294 1026 4373 ab
1040 4312 1220 4405 corrupta
1227 4292 1398 4400 judicer
1441 4296 1443 4387 j

259 4406 411 4486 Samuel
424 4405 545 4511 igitur
559 4405 880 4513 noluitfiliossteor
892 4405 917 4485 d
930 4408 1064 4516 papula
1077 4407 1187 4514 rejici
1194 4436 1210 4499 ,·
1240 4408 1349 4487 Deus
1359 4421 1400 4485 ut
1430 4476 1443 4533 t

252 4517 544 4627 gratfficaretur
547 4518 740 4625 proplietae
737 4516 824 4623 seeo,
838 4517 960 4597 innuit
970 4548 1039 4598 non
1048 4519 1159 4600 vald?
1155 4517 1238 4624 fibi
1238 4518 1399 4627 placere,
1440 4542 1443 4599 1

255 4630 352 4743 quod
367 4629 526 4737 populus
549 4627 781 4733 desideraret.
853 4630 934 4708 Dic
959 4657 1039 4709 uno
1066 4629 1188 4712 verbo
1206 4629 1399 4738 improbe,
1440 4674 1443 4703 t

255 4747 362 4852 quod
374 4768 444 4851 per
456 4738 640 4847 ambages
652 4741 748 4821 dicis
761 4773 771 4835 ς
804 4740 962 4822 Samuel
976 4743 1128 4852 populo
1139 4741 1279 4823 fucum
1295 4740 1400 4833 fecit,
1439 4714 1443 4899 ι

75 4874 92 4918 Ιι
