2888 5204
263 210 312 289 32
532 178 621 268 Pro
649 172 832 307 Populo
861 170 1128 303 Anglicano

257 349 513 458 improbavit,
533 353 785 462 vituperavit,
813 354 910 432 vitio
930 352 1062 432 dedit:
1094 378 1172 430 non
1198 350 1323 457 igitur
1341 347 1400 452 jus

257 463 414 568 regium
430 461 619 544 divinitirs
638 467 791 559 datum,
808 464 869 543 sed
887 492 1041 544 morem
1056 463 1244 570 regnandi
1260 460 1400 570 pravis-

256 572 415 668 fimum,
436 573 615 683 superbis
631 606 772 685 regum
787 596 827 656 et
845 577 1073 655 dominandi
1090 574 1255 654 libidine
1270 600 1400 682 arrep-

255 702 343 763 tum
369 686 550 794 exposuit
579 688 795 797 propheta3
831 716 903 767 nec
931 688 1030 796 quid
1055 685 1249 766 debebant
1276 711 1401 791 reges,

255 795 318 892 sed
344 799 440 904 quid
463 799 647 880 volebant
671 800 813 895 facere;
846 800 1038 879 rationem
1065 800 1174 878 enim
1200 797 1304 904 regis
1328 823 1401 904 po-

254 910 349 1016 pulo
365 910 564 1005 indicavit,
583 912 679 992 ficut
698 933 809 992 antea
825 912 1016 991 rationem
1032 911 1274 990 sacerdotum
1290 908 1402 990 Elia-

252 1021 391 1099 darum
408 1022 548 1101 eodem
563 1025 682 1103 verbo
699 1024 822 1132 (quod
839 1043 880 1103 tu
895 1051 986 1132 pag.
1007 1050 1071 1130 33.
1103 1021 1304 1101 Hebraico
1325 1021 1399 1099 eti·

254 1161 319 1211 am
344 1132 559 1214 soloecismo
582 1152 699 1212 naun
728 1137 859 1240 vocas)
888 1133 1000 1245 supra
1027 1135 1263 1213 indicaverat
1288 1133 1339 1212 C.
1361 1157 1399 1212 a.

253 1244 352 1323 ratio
363 1245 602 1351 sacerdotum
629 1246 774 1354 ssorum
799 1276 880 1326 cum
902 1248 1034 1356 populo
1060 1247 1141 1326 lraec
1157 1262 1256 1338 erat,
1276 1272 1320 1325 v.
1350 1268 1397 1350 13

251 1356 376 1465 impia
403 1358 601 1452 videlicet,
632 1358 777 1453 odiosa,
810 1378 849 1438 et
879 1358 1100 1465 tyrannica:
1137 1358 1235 1436 ratio
1265 1357 1399 1462 itaque

253 1467 320 1546 illa
340 1495 588 1577 nequaquam
602 1470 666 1576 jus
679 1490 760 1550 erat
773 1470 836 1550 sed
851 1470 1005 1577 injuria.
1064 1469 1128 1548 Sic
1139 1470 1257 1549 etiam
1270 1486 1400 1577 patres

251 1579 403 1686 antiqui
436 1579 542 1660 hunc
572 1581 706 1662 locum
741 1581 1026 1691 exposuerunt;
1055 1609 1155 1661 unus
1190 1578 1294 1659 mihi
1326 1577 1401 1657 erit

251 1690 470 1770 multorum
482 1692 817 1803 instar‚Sulpitius
830 1696 1007 1786 Severus,
1020 1692 1398 1799 Hieronymiaequa·

251 1802 312 1895 lis,
333 1803 447 1910 eique
476 1800 631 1898 charus,
652 1826 691 1885 et
719 1806 934 1912 Augustini
956 1805 1108 1910 judicio
1134 1804 1194 1883 vir
1221 1801 1399 1882 doetrind

249 1934 288 1992 et
308 1914 492 2023 sapientis
512 1916 674 2025 pollens.
736 1919 773 1996 ls
798 1919 838 1996 in
862 1915 1022 1997 historia
1045 1916 1147 1996 sacra
1170 1912 1397 1995 Samuelem

249 2026 304 2105 ait
322 2028 634 2108 dominationem
650 2028 816 2135 regiam,
832 2047 872 2107 et
885 2029 1048 2137 superba
1065 2026 1230 2136 imperia
1246 2024 1398 2136 populo

249 2167 461 2246 exponere.
520 2139 619 2220 Sane
638 2141 703 2245 jus
731 2141 887 2247 regium
915 2167 993 2219 non
1023 2140 1079 2220 est
1108 2138 1328 2218 dominatio
1356 2154 1398 2215 et

248 2248 449 2358 superbia3
481 2250 543 2330 sed
558 2252 622 2357 jus
642 2272 759 2359 atque
780 2252 995 2361 imperium
1012 2252 1181 2359 regium,
1195 2247 1291 2329 teste
1311 2247 1395 2327 Sal·-

247 2360 379 2453 lustio,
399 2361 665 2442 conservandae
684 2364 871 2444 libertatis
890 2382 1007 2471 atque
1026 2363 1210 2470 augendae
1238 2359 1394 2469 reipub.

248 2472 378 2552 caussa
391 2473 543 2567 datum,
558 2476 597 2553 in
611 2473 832 2583 superbiam
847 2476 1235 2581 dominationemque
1248 2472 1285 2551 se
1297 2498 1394 2552 con·

247 2585 377 2662 vertit.
438 2584 551 2665 Idem
571 2585 772 2693 Theologi
785 2616 922 2667 omnes
937 2585 1178 2679 Orthodoxi,
1195 2583 1304 2662 idem
1318 2584 1395 2688 Ju-

249 2694 477 2789 risconsulti,
506 2697 613 2776 idem
642 2699 816 2778 Rabbini
843 2699 1036 2808 plerique,
1062 2716 1106 2778 ut
1129 2725 1179 2775 ex
1204 2692 1395 2774 Sichardo

247 2807 420 2887 didicisse
437 2808 613 2916 potuisti,
633 2810 681 2888 dc
701 2810 962 2920 explicatione
979 2809 1094 2915 hujus
1109 2809 1186 2889 loci
1201 2806 1393 2902 sentiunt3

246 2947 294 2998 ne
316 2918 591 3000 Rabbinorum
610 2923 718 3000 enim
737 2921 943 3030 quisquam
956 2920 1021 3026 jus
1040 2921 1142 3027 regis
1168 2918 1392 2999 absolutum

246 3030 319 3109 isto
340 3031 427 3110 loco
448 3033 601 3112 tractari
620 3033 737 3111 dixit.
797 3033 882 3141 lpse
902 3031 1003 3112 infra
1018 3061 1105 3141 cap.
1126 3058 1163 3139 ς.
1181 3058 1272 3141 pag.
1296 3031 1390 3111 106.

244 3173 314 3223 non
347 3142 646 3224 Alexandrinum
686 3145 902 3225 Clementem
920 3144 1058 3250 solam,
1076 3143 1151 3249 std
1178 3172 1297 3223 omnes
1330 3143 1391 3222 tec

243 3258 418 3363 quereris
444 3285 590 3348 errare,
619 3275 656 3334 te
684 3284 809 3335 unum
836 3284 886 3335 ex
912 3256 1095 3335 omnibus
1119 3282 1204 3336 rem
1231 3281 1305 3334 acu
1330 3272 1392 3334 te«

247 3369 396 3475 tigiffe:
429 3368 523 3471 Jam
542 3365 635 3446 verb
663 3368 773 3473 cujus
796 3368 857 3446 vel
885 3367 1140 3476 impudentiae
1160 3366 1216 3446 est
1238 3367 1303 3446 vel
1330 3365 1390 3446 so·

242 3479 397 3572 cordia,
417 3499 551 3557 contra
574 3506 726 3572 omnes,
748 3477 957 3587 praesertim
983 3476 1238 3572 orthodoxos,
1259 3504 1387 3557 mores

243 3616 383 3695 regum
403 3588 451 3668 ab
468 3588 549 3699 ipso
565 3590 654 3667 Deo
674 3590 978 3669 damnatiffimos
995 3590 1110 3696 injus
1122 3590 1279 3697 regium
1292 3616 1386 3668 cou-

241 3721 412 3795 vertere3
443 3719 483 3779 et
509 3698 668 3779 honesti
695 3700 795 3806 juris
828 3701 1114 3811 prascriptione
1149 3698 1383 3780 defendere:

242 3840 335 3891 cum
342 3811 406 3915 jus
416 3829 546 3890 tamen
559 3811 656 3890 illud
668 3812 707 3890 in
720 3814 879 3922 rapinis,
891 3812 1057 3918 injuriis,
1069 3813 1281 3906 violentiis,
1290 3839 1386 3892 con·

241 3922 414 4003 tumeliis
434 3919 567 4031 saepiirs
587 3923 788 4002 consistere
804 3923 970 4007 fatearis.
1029 3927 1094 4005 An
1110 3924 1320 4034 quisquam
1335 3923 1385 4004 fic

226 4033 408 4140 suijuris
432 4062 607 4142 unquam
632 4032 723 4128 suit,
743 4055 788 4115 ut
810 4064 960 4145 rapere,
982 4064 1111 4144 agere,
1130 4036 1385 4146 prostemere‚

237 4143 470 4256 permiscere
488 4147 621 4224 omnia
640 4145 709 4224 fibi
727 4146 888 4227 liceret?
917 4175 967 4228 an
988 4150 1135 4241 Latini,
1155 4149 1262 4256 quod
1280 4147 1386 4227 affir-

237 4285 335 4350 mas,
364 4255 445 4335 haec
453 4253 525 4362 stro
535 4255 629 4362 jure
656 4255 704 4335 ab
732 4258 852 4367 aliquo
866 4260 967 4365 fieri
990 4288 1148 4369 unquam
1174 4257 1386 4341 dixerunt?

237 4370 404 4449 Dixerat
422 4368 526 4477 apud
547 4369 774 4450 Sallustium
796 4371 846 4451 C.
861 4371 1084 4452 Memmius
1100 4371 1281 4452 tribunus
1295 4371 1389 4453 Ple-
