2888 5204
484 113 707 211 Defensio
733 117 961 213 Secunda.
1216 164 1292 241 3¹7

141 291 417 371 centurionem
431 293 629 398 quendam
642 294 681 369 in
700 292 780 396 ejus
798 313 915 400 caput
934 292 1154 372 subornant.
1191 297 1293 403 Qis

140 423 258 481 tantae
274 400 564 508 ingrititudinis
578 403 797 483 foeditatem
814 403 890 482 sine
907 403 1066 483 fremitu
1085 407 1144 484 vel
1158 410 1291 485 audire

140 515 280 624 poffit?
294 516 524 595 Eorundem
537 515 1022 622 instinetumequiffimum
1038 544 1161 622 genus
1174 515 1292 596 hom-

140 627 362 706 uncionum
391 655 435 706 ac
462 628 830 736 petulantissimum,
861 646 1015 734 tyrones
1045 628 1293 709 tabernarum

142 765 323 818 maximo
336 767 501 819 numero
513 768 630 820 currae
643 738 745 818 fores
757 738 949 833 obsident
940 743 1154 819 ·Senatum
1160 743 1292 848 ,quic-

141 851 244 959 quid
248 851 347 979 ipsis
360 853 529 944 videtur,
544 856 642 958 (quo
661 852 759 958 quid
778 851 977 958 indignius
991 853 1023 954 ?)
1039 853 1209 932 clamore
1224 854 1293 933 suo

141 964 321 1043 acminis
339 984 488 1070 cogunt
502 965 739 1043 decernere.
766 961 930 1070 jamque
942 965 1127 1043 reducem
1140 962 1293 1047 aScotis

141 1075 337 1154 victorem
351 1072 619 1168 fortissimum,
641 1095 707 1154 aut
726 1075 968 1166 exulantem,
988 1094 1056 1155 aut
1075 1104 1207 1185 poenas
1227 1079 1290 1156 in-

141 1186 386 1294 dignillimas
417 1188 576 1267 dantem
607 1186 829 1266 vidissemus
855 1188 1074 1266 Camillum
1101 1189 1290 1283 nostrum,

141 1299 216 1378 nisi
233 1300 267 1378 F
269 1297 479 1380 airfaxrus
469 1320 697 1408 imperator,
717 1298 956 1378 invieliffimi
971 1300 1112 1407 Legati
1132 1299 1189 1379 sui
1206 1320 1292 1380 tan-

142 1428 234 1491 tum
253 1411 421 1491 dedecus
436 1409 715 1521 perferendum
727 1438 806 1490 non
820 1410 1035 1504 censuisset,
1047 1411 1117 1491 nisi
1130 1417 1292 1493 cunctus

140 1524 356 1616 exercitur,
369 1542 409 1602 et
421 1525 454 1602 is
468 1550 627 1631 quoque
643 1522 753 1603 satis
743 1541 894 1630 ingrate
875 1520 1077 1616 habitus,
1091 1542 1172 1603 tam
1186 1543 1291 1604 atro-

141 1635 206 1713 cia
234 1632 504 1743 prohibuisset.
566 1635 757 1714 Urbem
747 1655 878 1742 itaque
909 1636 1109 1742 ingressus,
1137 1637 1292 1718 urbicos

141 1746 256 1827 nullo
286 1748 447 1854 negotio
469 1747 656 1854 repreffit,
688 1748 895 1826 Scotorum
923 1745 1093 1826 hostium
1119 1749 1294 1857 partibus

142 1857 320 1939 addistos
334 1858 476 1939 meritb
492 1861 634 1938 Senatu
647 1860 790 1938 movit:
812 1886 899 1966 pars
913 1858 1063 1966 reliqua
1079 1860 1292 1941 insolentiis

142 1970 455 2050 tabernariorum
483 1971 568 2078 jam
603 1970 778 2063 liberata,
811 1970 1056 2078 colloquium
1086 1972 1291 2067 Vestense,

142 2084 449 2163 contraSenatus
464 2083 686 2162 consultum
697 2083 949 2188 edictumque
962 2082 1183 2190 publicum,
1197 2112 1291 2163 cum

143 2221 240 2301 rege
252 2195 398 2274 initum
413 2194 613 2275 rescindit.
635 2195 937 2323 lduntingtonus
952 2214 1084 2273 autem
1097 2195 1163 2274 ille
1176 2224 1292 2276 accu-

142 2303 285 2400 fitor,
274 2309 448 2416 impunis
459 2327 499 2387 et
514 2307 600 2386 sui
584 2308 684 2412 juris
704 2306 874 2398 relictus
892 2306 1050 2385 tandem
1063 2308 1293 2436 poenitentia

145 2416 304 2512 dusius,
331 2417 411 2528 ipse
439 2418 503 2498 sua
527 2415 706 2527 sponte
692 2447 714 2497 a
745 2418 974 2497 Cromvello
997 2421 1153 2498 veniam
1177 2422 1290 2529 petit.

144 2548 188 2608 et
202 2526 380 2639 aquibus
395 2529 485 2609 effet
502 2531 729 2610 subornatus
743 2530 845 2609 ultro
858 2529 971 2609 sallus
991 2530 1061 2609 est.
1096 2532 1195 2611 Haec
1211 2531 1292 2612 fere

143 2640 235 2721 sunt
246 2670 333 2750 quae
344 2640 550 2721 fortiffimo
562 2642 694 2751 patriae
707 2642 920 2735 liberatori,
934 2642 1003 2720 nili
1019 2641 1067 2721 ad
1082 2671 1168 2750 quae
1179 2643 1292 2753 supra

144 2752 341 2863 respondi,
357 2755 522 2833 crimina
537 2754 789 2859 objiciuntur,
805 2781 891 2861 quae
903 2754 1000 2862 quid
1017 2754 1169 2835 valeant
1182 2756 1292 2836 vide-

144 2867 211 2945 tis.
270 2862 424 2947 Verum
440 2894 514 2973 ego
527 2886 681 2945 tantum
698 2866 829 2944 virum
833 2863 984 2974 ,de'que
1001 2863 1074 2945 hac
1091 2867 1293 2975 republica

145 2995 230 3058 tam
249 2976 429 3086 insignite
450 2979 654 3071 meritum,
682 2978 708 3056 fi
728 2977 919 3057 duntaxat
938 2975 1039 3057 nihil
1063 2979 1159 3057 mali
1177 3006 1290 3058 com-

144 3088 287 3170 misisse
301 3088 525 3182 defendam,
539 3089 638 3169 nihil
650 3117 783 3197 egero,
796 3117 889 3169 cum
901 3088 1110 3198 praesertim
1123 3117 1199 3170 non
1214 3093 1291 3170 rei-

144 3200 316 3310 publicae
339 3200 481 3298 solum,
508 3201 636 3281 sedet
665 3229 753 3281 mea
778 3229 937 3309 quoque
963 3201 1124 3295 interfit,
1152 3220 1197 3280 ut
1221 3204 1292 3310 qui

143 3313 286 3393 cadem
305 3311 469 3393 infamia
485 3333 566 3394 tam
586 3341 708 3424 prope
724 3313 796 3393 fim
815 3313 1059 3418 conjunfim,
1078 3310 1198 3420 quim
1219 3343 1293 3424 op-

144 3424 538 3534 timumeum,atque
552 3427 663 3505 omni
674 3425 788 3505 laude
801 3425 1292 3531 digniffimum,gentibus‚

142 3536 276 3645 quoad
306 3535 474 3646 possum,
499 3538 683 3618 omnibus
713 3557 830 3644 atque
856 3536 998 3617 saeculis
1018 3538 1293 3623 demonstrare.

146 3648 218 3729 Est
240 3650 433 3729 Olrberius
453 3650 683 3730 Cromvellus
701 3677 843 3757 genere
864 3648 986 3728 nobili
1012 3667 1129 3757 atque
1155 3651 1296 3732 illustri

144 3779 280 3841 ortus:
312 3787 456 3841 nomen
470 3762 670 3872 republica
681 3761 778 3840 olim
796 3761 863 3840 sub
880 3761 1036 3867 regibus
1052 3761 1152 3841 bene
1167 3763 1295 3844 admi-

145 3872 305 3953 mitrata
315 3874 467 3953 clarum
470 3875 678 3982 ,religione
694 3871 1034 3954 fimulorthodoxa
1045 3874 1108 3953 vel
1121 3875 1296 3955 restituta

147 4003 236 4064 tum
253 3986 432 4095 primum
444 3986 547 4096 apud
564 4014 633 4065 nos
649 3986 711 4065 vel
726 3985 893 4064 stabilita
907 3985 1067 4065 clarius:
1090 3986 1128 4064 Is
1144 4006 1295 4067 matura

139 4095 228 4202 jam
247 4116 366 4205 atque
386 4097 538 4178 firmata
558 4118 682 4191 aetate,
703 4126 823 4206 quam
845 4117 884 4177 et
908 4099 1081 4206 privatus
1107 4096 1296 4191 traduxit,

145 4210 256 4290 nulla
271 4237 312 4290 re
326 4211 453 4340 magis
464 4238 585 4317 quam
602 4209 800 4315 religionis
816 4209 925 4289 cultu
942 4207 1124 4318 purioris,
1139 4226 1179 4285 et
1196 4210 1296 4288 inte-

144 4324 290 4428 gritate
306 4323 394 4403 vitae
412 4323 609 4429 cognitus,
625 4320 766 4401 domi
757 4321 969 4401 inocculto
988 4339 1175 4413 creverat,
1195 4323 1298 4401 etad
