2888 5204
253 622 433 716 Contra
456 617 782 716 Alexandrum
808 623 1017 718 Morum.
1137 659 1215 744 393

65 788 171 869 clam
201 792 424 902 interposita
445 821 540 874 cum
563 793 640 874 hoc
664 794 916 875 urbanissimo
937 794 1156 888 interdisto,
1174 816 1219 876 ut

66 901 181 982 nullo
200 906 320 985 modo
344 906 528 986 accedat..
573 907 705 986 Mir'os
728 905 906 1016 profecto
939 907 1075 987 reddet
1106 906 1218 989 ludos

64 1014 169 1093 inter
186 1033 246 1095 tot
266 1016 496 1111 Cathedras,
516 1018 613 1098 dum
630 1017 881 1126 professiones
896 1037 936 1099 et
954 1019 1218 1127 praelediiones

65 1143 107 1205 et
126 1154 332 1209 murmura
346 1148 386 1209 et
401 1129 554 1239 plausus
574 1149 614 1209 et
632 1131 791 1210 Pontias
811 1159 929 1211 novas
949 1132 1020 1210 sibi
1035 1130 1215 1212 somniat.

64 1237 142 1317 Sed
161 1239 322 1321 dimitto
336 1269 441 1322 nunc
456 1241 677 1337 hominem,
694 1245 787 1350 quia
803 1271 868 1322 me
884 1271 1008 1353 prope
1028 1244 1213 1323 dimittet.

62 1348 163 1429 Alio
182 1350 219 1431 se
235 1354 374 1449 vertit;
395 1353 479 1434 imo
494 1352 586 1433 verb
600 1353 721 1463 qudse
736 1373 881 1448 vertat,
895 1382 972 1433 non
993 1351 1124 1436 habet.
1155 1357 1218 1435 Si·

64 1462 195 1543 mulat
212 1465 313 1544 velle
333 1493 437 1546 nunc
456 1467 599 1546 devita
619 1485 659 1546 et
678 1467 854 1547 moribus
873 1466 948 1545 suis
968 1467 1122 1546 causam
1142 1495 1215 1576 pro

64 1573 101 1654 se
119 1574 264 1658 dicere.
323 1578 508 1657 Exordiri
525 1577 606 1684 jam
626 1597 781 1687 putares
808 1575 1028 1671 hominem,
1057 1597 1097 1657 et
1115 1578 1216 1659 velle

64 1684 217 1795 aliquid
237 1688 411 1797 praesari3
432 1686 528 1769 cirm
543 1691 585 1768 in
601 1690 685 1798 ipso
701 1690 831 1769 statim
847 1688 1082 1799 praesationis
1097 1689 1215 1768 vesti-

63 1798 176 1892 bulo,
197 1799 305 1881 eluse
320 1802 503 1881 omnium
519 1805 791 1911 expectatione
807 1819 974 1913 perorat.
1034 1802 1140 1880 Tam
1157 1820 1216 1881 te-

63 1937 143 1989 nue
154 1910 193 1991 se
205 1911 279 1992 effe
291 1932 585 2020 argumentum,
593 1932 674 1992 tam
687 1932 801 2024 turpe
814 1913 1043 1994 etiamdum
1056 1915 1214 2023 reperit,

63 2022 127 2102 vel
148 2022 230 2132 ipsa
250 2051 382 2106 rerum
401 2025 534 2136 inopia
553 2024 680 2104 subito
699 2026 900 2121 exarescit,
917 2025 979 2105 vel
998 2024 1078 2135 ipsa
1098 2024 1215 2105 soedi-

61 2153 142 2215 tate
156 2137 355 2245 perculsus
370 2156 411 2216 et
425 2138 531 2245 quali
547 2137 743 2245 syderatus
762 2137 1020 2218 obmutescit:
1052 2138 1214 2233 Vultus,

61 2274 157 2342 vox,
173 2248 292 2329 latera
310 2248 477 2329 deficere
496 2249 702 2345 videntur;
733 2253 888 2330 animus
909 2267 1041 2329 tamen
1061 2268 1213 2329 vetera-

62 2358 202 2453 torius,
217 2379 258 2440 et
277 2379 321 2441 ut
334 2362 421 2442 dixi
439 2379 565 2455 antea,
584 2362 755 2441 indurati
774 2380 942 2469 utroque
952 2362 1106 2466 jamdiu
1127 2359 1214 2442 soro

62 2473 204 2552 veteris
223 2491 263 2551 et
286 2474 414 2553 crebri
433 2471 550 2554 sontis
569 2493 668 2553 artes
689 2501 767 2554 uon
795 2473 996 2553 deficiunt.
1055 2471 1136 2578 Qed
1159 2504 1215 2553 me

60 2584 246 2664 vertam?
269 2584 350 2693 qub
365 2604 404 2664 te
417 2605 557 2678 vertas,
574 2586 750 2665 miselle?
776 2587 864 2694 quis
881 2611 1056 2692 unquam
1069 2611 1213 2665 nocens

63 2723 153 2776 reue
167 2696 328 2776 demissa
343 2697 460 2777 barba
480 2697 694 2777 sordidatus
709 2717 748 2778 et
764 2697 940 2806 squalens
957 2717 1038 2775 tam
1054 2694 1213 2776 misera-

63 2808 136 2888 bili
153 2810 347 2917 prooemio
361 2809 587 2918 deprecatus
601 2838 779 2918 unquam
788 2811 941 2916 judices
958 2808 1040 2888 est?
1060 2806 1141 2915 qub
1159 2827 1211 2903 te,

63 2920 91 2999 fi
109 2920 311 3014 innocens,
333 2920 360 2999 fi
381 2920 521 3019 insons,
542 2921 569 3000 fi
589 2938 695 3002 tutus
715 2923 889 3030 undique
911 2921 984 3000 tibi
1002 2918 1110 3014 esses,
1131 2920 1213 3028 qub

63 3050 118 3125 te,
138 3032 318 3141 inquam,
338 3033 409 3112 nis1
429 3033 477 3112 ad
498 3051 535 3112 te
555 3036 751 3114 verteres?
782 3053 915 3114 tecum
936 3034 1155 3139 loquerere,
1174 3051 1213 3111 te

62 3141 295 3237 consuleres,
323 3162 432 3224 extra
456 3164 494 3224 te
514 3173 562 3224 ne
581 3148 796 3253 quaereres?
833 3146 908 3225 Sed
927 3142 1005 3223 heu
1026 3143 1214 3223 miserum

62 3255 123 3339 te!
140 3255 329 3345 discordia
346 3256 417 3336 tibi
439 3277 571 3337 tecum
589 3258 808 3364 gravissima
819 3256 973 3362 jamdiu
991 3255 1060 3335 est.
1093 3254 1213 3335 Nihil

63 3368 138 3450 tibi
156 3368 326 3449 invisum
346 3372 487 3477 magis,
515 3366 636 3478 quim
661 3390 794 3450 tecum
817 3366 1007 3458 habitare,
1038 3367 1143 3474 apud
1173 3384 1211 3445 te

62 3480 160 3578 effe3
181 3482 383 3561 neminem
403 3478 604 3575 libentibs,
621 3479 742 3588 quim
759 3478 925 3588 teipsum
940 3477 1060 3582 fugis.
1092 3478 1126 3556 F
1128 3477 1209 3555 rus-

62 3590 145 3673 trd:
168 3609 301 3673 tecum
316 3595 425 3672 enirn
441 3592 545 3700 sugis
562 3594 691 3686 miser,
707 3612 743 3670 te
759 3591 927 3698 sequeris
943 3621 952 3668 :
987 3588 1109 3694 Qod
1125 3589 1211 3695 agi·

62 3722 119 3785 tat
135 3706 241 3786 intus
260 3706 330 3800 est,
350 3707 455 3785 intus
484 3726 524 3785 et
550 3704 752 3812 flagellum
778 3723 818 3783 et
843 3721 965 3781 tortor
985 3703 1117 3806 Argus
1143 3700 1209 3779 ille

61 3836 168 3911 tuus,
188 3819 259 3925 qui
278 3835 316 3897 te
337 3817 489 3927 semper
504 3844 582 3895 non
600 3815 792 3923 Junoniis,
808 3814 915 3923 quod
933 3813 1122 3922 quereris,
1142 3841 1212 3890 ar-

61 3928 177 4022 tibus,
198 3928 259 4009 sed
278 3930 523 4038 piaculorum
544 3948 702 4008 tuorum
722 3927 865 4007 Oestro
880 3928 1089 4033 agitatum,
1105 3923 1212 4002 cinc-

62 4058 124 4121 tus
143 4041 255 4121 mille
275 4042 399 4122 oculis
425 4068 469 4120 ac
488 4040 648 4120 testibus
670 4038 926 4149 persequitur.
976 4037 1086 4145 Qid
1108 4063 1212 4115 nunc

61 4154 180 4261 agas?
209 4181 302 4233 nam
318 4153 542 4233 aestuantem
558 4170 596 4231 te
611 4150 751 4231 misere
770 4170 809 4230 et
829 4150 1064 4259 pendentem
1080 4148 1209 4228 video.

62 4266 129 4344 An
148 4282 236 4346 tuas
253 4264 325 4373 ipse
344 4264 469 4345 laudes
485 4264 641 4369 orfimas
659 4260 907 4343 decantares?
936 4260 1096 4340 vesanus
1120 4287 1212 4369 pro·

61 4375 167 4457 fecto
184 4378 244 4471 sis,
261 4376 289 4456 fi
308 4377 351 4457 id
370 4376 574 4487 suscipias;
603 4374 777 4466 vesanus,
797 4374 825 4452 sr
845 4375 886 4452 id
906 4400 1082 4480 unquam
1100 4374 1213 4479 cogi-

64 4488 189 4571 tabas.
247 4487 418 4569 Vitdmne
455 4487 659 4592 conscribas
688 4504 725 4566 et
743 4485 928 4593 facinora
957 4483 1075 4565 omnia
1107 4482 1213 4561 tua?

58 4601 277 4711 pervellem
295 4602 505 4708 equidem3
537 4600 601 4680 sed
629 4626 765 4679 vereor
795 4625 844 4677 ne
871 4623 949 4675 non
970 4597 1121 4686 Morus,
1149 4593 1212 4673 sed

60 4713 202 4795 Florus
211 4711 385 4793 nimiirm
397 4714 438 4792 in
454 4712 531 4793 tuis
547 4711 758 4804 floralibus,
777 4710 817 4789 id
832 4708 900 4799 est,
914 4707 1043 4786 multo
1058 4704 1214 4784 brevior

57 4822 184 4936 quim
198 4853 269 4935 par
283 4824 390 4920 esset,
405 4824 558 4905 siiturus
575 4823 634 4904 s1s.
677 4823 828 4903 Vereor
843 4848 891 4901 ne
912 4818 1084 4899 invideas
1099 4816 1213 4898 nobis
