2888 5204
526 537 799 676 Responsio,
825 568 915 638 etc.
1227 569 1303 654 23¹

154 710 263 792 ruiffe
279 710 433 822 semper
447 741 518 795 nos
534 733 617 795 tam
636 716 766 824 palam
784 715 969 796 omnibus
984 715 1129 805 exislit,
1152 713 1191 791 id
1216 711 1303 790 sane

149 843 186 904 et
204 825 420 906 ridendum
437 826 615 909 maxime
634 828 704 921 est,
722 850 809 908 tum
831 830 952 906 etiam
972 826 1139 906 ostendit
1157 824 1302 933 quanta

147 937 361 1046 caeteroqui
376 967 472 1018 cum
490 940 656 1033 malitia,
669 939 791 1049 quim
805 939 912 1019 nulla
927 968 1022 1019 cum
1035 937 1111 1016 fide
1127 938 1168 1015 in
1183 964 1301 1015 accu-

143 1046 273 1129 sandis
294 1048 406 1130 nobis
426 1050 611 1145 versetur,
629 1054 701 1160 qui
719 1055 871 1132 crimen
895 1053 1078 1131 omnium
1096 1049 1251 1154 judicio
1277 1045 1299 1127 a

142 1160 259 1240 uobis
285 1162 578 1256 alieniffimum‚
603 1167 753 1244 cunetis
777 1161 1077 1256 absolventibus,
1101 1165 1297 1272 imputare

137 1291 265 1381 atque
285 1274 445 1381 affigere
464 1304 543 1355 non
563 1297 754 1358 vereatur.

494 1665 579 1743 AD
624 1666 758 1744 CAP.
782 1666 838 1744 X.
862 1666 946 1743 XI.

159 1890 177 1935 ,2
194 1850 275 1933 ς
347 1839 382 1918 Ε
408 1837 561 1919 duobus
588 1866 675 1946 qua
706 1840 920 1947 sequuntur
949 1836 1156 1946 capitibus,
1189 1836 1296 1915 idem

165 1962 179 1984 '
205 1939 298 2035 »ἦ
324 1997 326 2003 <
370 1953 478 2059 quod
504 1951 552 2030 de
578 1950 884 2059 praecedentibus
907 1950 1059 2030 duobus
1082 1947 1320 2029 dicendum'

164 2057 179 2142 ,ἶ
232 2135 265 2167 x,
319 2104 336 2159 1,
374 2062 444 2142 est.
502 2063 769 2143 Tenuiffimus
785 2060 957 2143 modoet
972 2063 1210 2141 inanissimus
1225 2063 1296 2168 qui

264 2176 298 2208 “
373 2173 466 2267 suit,
480 2203 584 2254 nunc
595 2175 651 2253 est
663 2175 778 2283 planb
791 2174 935 2268 nullus,
952 2194 1020 2254 aut
1031 2174 1156 2282 fiquid
1170 2172 1296 2252 nihilo

143 2282 277 2363 minus
289 2283 369 2364 est:
395 2283 511 2392 hujus
528 2289 650 2395 igitur
663 2289 839 2367 inanitati
853 2286 1082 2397 respondere
1095 2286 1122 2364 fi
1135 2286 1294 2378 vellem,

143 2393 419 2505 responderem
446 2399 552 2479 certe
581 2402 757 2480 nemini:
789 2400 928 2506 quidni
960 2399 1081 2505 igitur
1106 2397 1294 2476 contices-

142 2509 259 2587 cam?

580 2800 714 2878 CAP.
748 2800 859 2878 XII.

157 3042 163 3051 .
227 2994 291 3061 ,s
338 2971 446 3049 ΑΜ
473 2972 521 3050 ad
550 2992 699 3051 metam
726 2975 877 3052 enervis
902 2993 940 3051 et
967 2973 1173 3080 languidus
1201 3000 1293 3081 pro-

164 3125 203 3189 μ
247 3075 274 3161 «Ξ
381 3111 519 3192 perans
542 3083 743 3178 soloecista,
768 3104 900 3164 tamen
921 3104 964 3163 ut
984 3087 1126 3164 ultimo
1150 3108 1294 3165 conatu

188 3279 199 3296 A
245 3287 252 3308 Α
382 3197 531 3302 erigere
552 3196 588 3275 se
613 3193 821 3305 paululitm
840 3197 1032 3290 videatur,
1056 3198 1104 3276 ad
1120 3199 1294 3306 priorem

155 3368 163 3382 .
271 3329 281 3341 ³
381 3308 695 3389 verborumfine
727 3308 840 3387 rebus
863 3310 1132 3418 prolixitatem
1159 3327 1199 3388 et
1228 3328 1294 3389 tae-

141 3415 260 3497 dium
278 3419 391 3502 redit.
451 3425 585 3528 Qtare
605 3447 654 3498 ne
674 3421 761 3527 quis
781 3449 851 3500 nos
878 3441 1037 3530 propter
1057 3422 1202 3499 virium
1226 3444 1294 3501 aut

141 3528 304 3608 rationis
323 3530 523 3610 desectum
541 3534 671 3640 priora
698 3535 827 3642 capita
854 3533 960 3612 tanti
988 3532 1177 3612 brevitate
1202 3561 1292 3642 per·

139 3640 301 3721 currilse
324 3643 535 3735 existimet,
562 3665 630 3722 aut
660 3672 730 3752 per
760 3645 958 3752 ignaviam
988 3646 1202 3752 quicquam
1230 3674 1292 3724 re·
1347 3720 1354 3732 ,

139 3752 298 3847 mifisse,
315 3782 400 3862 quae
423 3755 584 3861 alicujus
607 3754 729 3835 modb
753 3756 947 3836 momenti
970 3758 1188 3850 videantur,
1213 3784 1293 3837 non

137 3863 229 3945 sum
240 3864 446 3947 arbitratus
458 3870 723 3976 pretereunda
734 3869 822 3962 esse,
837 3869 1134 3963 Parlamentum,
1147 3870 1292 3977 inquis,

132 3994 356 4087 perpetuum
379 3978 429 4086 cys
451 3979 567 4087 instar
591 3980 729 4059 nullius
749 3980 989 4060 Parlamenti
997 4011 1009 4072 ,·
1040 3981 1105 4061 lroc
1129 3982 1222 4062 enim
1244 3983 1293 4091 ss

124 4088 312 4198 stenditur
330 4093 607 4201 parlamentum
633 4092 772 4172 tollere.
833 4094 1015 4200 Ecquem
1044 4113 1085 4174 tu
1110 4093 1195 4199 jam
1223 4095 1292 4174 nist

141 4202 336 4283 Carolum
352 4202 479 4312 ipsum
494 4204 739 4284 criminaris?
787 4205 881 4313 Qi
902 4204 981 4313 ipse
998 4205 1292 4286 Parlamentum

136 4311 221 4395 hoc
239 4335 476 4424 perpetuum
497 4314 571 4394 else
586 4315 707 4422 juffit,
728 4335 769 4395 et
787 4314 890 4396 sado
909 4318 1111 4422 gloriatus,
1127 4320 1229 4398 inter
1248 4348 1293 4399 ea

138 4452 230 4534 quae
253 4453 391 4507 vocare
415 4431 500 4507 adla
521 4429 654 4536 gratiae
679 4427 838 4521 solebat,
865 4427 1063 4537 saepisfime
1088 4430 1292 4524 recensuit,

139 4564 226 4619 non
249 4556 294 4617 ut
316 4540 512 4650 populum
538 4538 729 4621 beneficio
754 4541 888 4649 aliquo
911 4541 1095 4634 afficeret,
1121 4541 1185 4620 sed
1212 4561 1293 4622 arte

138 4649 315 4759 quadam
343 4653 542 4758 tyrannica
569 4653 666 4732 dum
692 4673 929 4763 perpetuum
957 4652 1030 4733 esse
1050 4650 1221 4758 juberet,
1250 4675 1293 4735 ut
