2888 5204
370 524 610 625 DesenslO.
652 533 770 662 Cap.
805 563 848 625 2.
1132 573 1186 652 49

124 731 146 797 c
166 704 423 784 demonstrat.
460 705 648 814 Cumque
668 704 910 812 argumentis
931 699 1072 813 parum
1092 732 1186 814 pro·

124 836 149 910 t,
177 816 520 897 criminationibus
550 817 794 898 atrocissimis
823 818 1006 896 omnium
1041 819 1081 895 in
1114 844 1185 898 nos

124 957 169 1008 m
190 931 364 1010 excitare
387 947 565 1024 conatur,
590 931 697 1038 quasi
725 956 817 1035 tege
836 929 991 1037 optimo
1010 947 1050 1008 et
1069 930 1186 1007 inno-

124 1042 251 1121 issrmo
279 1042 491 1121 crudeliter
519 1041 682 1122 sublato.
743 1043 810 1120 An
835 1041 1009 1134 Salomon,
1039 1042 1183 1149 inquit,

124 1182 154 1231 u
169 1156 256 1234 Rex
272 1154 445 1263 Carolop
446 1152 664 1260 rimofuit?
695 1155 808 1246 Sunt,
824 1170 868 1231 ut
886 1180 1026 1232 verum
1046 1153 1182 1248 fatear,

124 1285 273 1375 patrem
293 1265 586 1371 ejusJacobum
611 1294 705 1345 cum
726 1265 937 1344 Solomone
957 1292 1183 1375 comparare

126 1377 374 1471 dubitarunt,
396 1396 435 1456 et
455 1377 646 1458 natalibus
666 1376 830 1486 quidem
836 1374 1051 1466 anteferre.
1111 1379 1182 1456 So-

124 1517 167 1568 >n
190 1488 356 1570 Davidis
376 1488 503 1582 filius;
534 1491 567 1569 is
587 1488 719 1598 primb
740 1489 864 1568 Saulis
887 1490 1056 1570 musicus
1076 1508 1181 1586 erat;

124 1601 201 1682 bus
217 1602 348 1682 Darlii
362 1603 519 1681 comitis
539 1601 657 1694 filius,
671 1630 742 1710 qur
731 1599 955 1681 Davidem
970 1602 1181 1696 musicum,

124 1741 174 1793 sae
198 1715 332 1794 uxoris
360 1711 552 1793 thalamos
576 1716 689 1792 noste
716 1712 942 1820 ingressum,
967 1741 1060 1793 cum
1084 1711 1182 1792 ostio

124 1825 226 1905 rlum
245 1826 431 1905 obdidiffe
451 1822 726 1933 deprehendit,
743 1823 847 1903 haud
866 1824 994 1904 multb
1014 1824 1101 1935 post
1121 1825 1183 1904 in-

124 1939 201 2030 :cit,
232 1956 277 2016 ut
301 1956 429 2017 narrat
449 1936 725 2017 Buchananus.
786 1937 830 2016 N
832 1938 996 2017 atalibus
1016 1965 1111 2045 ergo
1131 1937 1181 2016 il·

124 2051 191 2129 ior
204 2050 391 2153 Jacobus,
421 2069 461 2129 et
487 2049 677 2130 secundus
703 2049 890 2128 Solomon
917 2049 1011 2159 saepe
1041 2050 1182 2144 dietus,

124 2161 213 2241 nvis
233 2161 397 2241 Davidis
417 2160 555 2241 musici
576 2161 680 2241 filius
699 2190 747 2240 an
772 2159 905 2254 fuerit,
933 2163 1100 2241 dubium
1121 2161 1178 2240 fit.

124 2273 292 2353 {arulum
307 2271 484 2353 conferre
500 2301 595 2353 cum
609 2273 820 2353 Solomone
834 2274 904 2381 qul
925 2275 997 2353 tibi
1013 2276 1053 2352 in
1067 2300 1181 2352 men-

130 2386 265 2466 venire
285 2387 457 2495 potuerit
477 2413 555 2465 non
570 2386 699 2465 video.
760 2387 895 2494 Qm
915 2386 1023 2464 enim
1039 2404 1081 2464 tu
1100 2386 1182 2464 Ca-

124 2526 162 2577 m
179 2514 239 2577 tot
253 2497 432 2577 laudibus
446 2498 565 2591 tollis,
579 2497 660 2603 ejus
672 2498 948 2605 pervicaciam,
963 2497 1180 2591 avaritiam,

124 2610 322 2703 lelitatem,
352 2628 391 2690 et
415 2609 556 2689 saevum
581 2613 621 2689 in
645 2636 783 2689 omnes
807 2609 893 2718 pios
917 2627 1034 2718 atque
1057 2609 1181 2690 bonos

127 2722 280 2803 inatum
296 2722 377 2829 ejus
390 2721 507 2815 bella,
516 2722 709 2815 incendia,
723 2722 890 2830 rapinas,
898 2739 937 2801 et
949 2721 1181 2802 miserorum

124 2861 180 2912 un
209 2834 329 2913 caedes
360 2834 597 2927 innumeras,
622 2834 720 2913 dum
744 2833 825 2912 haec
854 2833 993 2927 scribo,
1016 2834 1181 2914 Carolus

140 2945 244 3024 filius
269 2948 310 3024 in
336 2945 401 3025 illa
425 2946 591 3054 publicae
617 2946 854 3054 poenitentiae
875 2945 1051 3024 sedecula
1077 2946 1182 3054 apud

124 3085 168 3137 os
187 3084 321 3137 coram
340 3058 490 3166 populo
506 3056 714 3137 confitetur
732 3078 849 3166 atquc
873 3055 1073 3194 deplorat:
1103 3059 1181 3137 im·
1239 3147 1244 3157 ,

124 3189 234 3250 tuum
255 3169 355 3249 illud
374 3172 530 3277 regium
543 3169 607 3273 jus
627 3168 764 3274 ejurat.
823 3166 977 3249 Verum
998 3170 1025 3249 fi
1045 3169 1179 3249 Paral-

124 3279 347 3407 tantopere
381 3282 598 3373 delectaris,
633 3281 825 3361 Carolum
852 3308 946 3361 cum
970 3283 1181 3362 Solomone

124 3390 292 3473 eramus.
331 3393 517 3472 Solomon
534 3389 975 3500 ameritiffimosratris
989 3394 1181 3502 supplicio

124 3534 185 3585 um
203 3504 504 3633 ιιιββίιιῐιιιιβ
537 3502 736 3584 Carolus
723 3534 744 3585 a
764 3506 883 3615 patris
910 3504 1070 3599 funere;
1100 3532 1179 3584 non

140 3614 164 3696 a
183 3644 292 3710 nece,
308 3621 488 3724 quamvis
506 3616 648 3695 indicia
663 3620 803 3697 veneni
817 3617 952 3696 omnia
964 3619 1003 3697 in
1016 3645 1179 3725 corpore

123 3729 153 3809 is
185 3731 333 3808 mortui
362 3728 566 3837 conspesta
597 3729 693 3822 fint;
725 3730 778 3808 ita
807 3730 915 3808 enim
945 3727 1149 3838 suspicio'
1139 3757 1178 3807 rn

124 3838 347 3947 :hingamio
361 3840 555 3934 constitit;
577 3869 698 3948 quem
715 3859 847 3920 tamen
863 3841 1043 3936 Carolus,
1059 3859 1099 3920 et
1118 3868 1180 3922 re·

123 3950 403 4032 nterfeslorem
423 3972 462 4031 et
481 3952 539 4031 sui
559 3953 692 4059 patris,
711 3980 787 4032 non
808 3949 935 4032 solum
951 3954 991 4031 in
1007 3953 1179 4034 comitiis

127 4064 281 4172 iculpal
304 4067 468 4156 exemit,
494 4064 556 4143 sed
583 4092 631 4142 ne
659 4063 823 4143 omninb
856 4092 913 4143 res
944 4094 989 4145 ea
1018 4067 1178 4146 Senatus

124 4176 249 4257 titioni
280 4175 542 4365 subjiceretur!
561 4177 724 4254 comitia
750 4175 931 4255 dissolvit.
993 4176 1179 4258 Solomon

124 4287 250 4393 rfimts
260 4286 416 4369 tributas
422 4288 542 4398 popu
538 4316 597 4366 um
610 4286 764 4397 prcfft:
786 4307 824 4367 at
840 4287 937 4366 ille
927 4316 966 4367 rn
984 4290 1180 4397 templum

124 4419 183 4485 et
198 4399 360 4537 aedificia
378 4400 537 4508 publica
554 4400 762 4508 impendit,
779 4400 976 4480 Carolus
965 4427 1005 4479 rn
1021 4401 1177 4481 luxum.

124 4538 262 4593 mona
286 4511 467 4619 plurimis
497 4511 685 4591 uxoribus
714 4510 762 4590 ad
793 4511 995 4591 [dolorum
1024 4514 1180 4593 cultum

124 4627 220 4704 sius
239 4622 309 4716 est,
331 4620 396 4702 hic
416 4622 464 4703 ab
486 4652 572 4703 una.
634 4623 860 4703 Pellestus
850 4651 889 4701 m
911 4621 1090 4704 fraudem
1108 4627 1180 4705 So-

124 4764 181 4829 sn,
203 4734 402 4844 pellexisse
423 4736 517 4816 alios
534 4762 611 4814 non
629 4736 793 4844 legitur3
816 4732 882 4814 hic
898 4735 1008 4828 alios,
1025 4762 1104 4815 non
1120 4735 1181 4817 so-

239 4882 249 4893 *
590 4874 612 4924 a
