2888 5204
340 579 519 705 Contra
545 574 871 674 Alexandrum
895 582 1104 675 Morum.
1217 620 1290 700 391

147 741 232 825 hac
244 748 364 829 verba
382 770 621 862 praeeuntem
640 779 706 832 me
720 752 842 860 sequi.
900 750 1054 832 Verbm
1072 752 1100 830 fi
1116 752 1196 831 Dei
1217 778 1296 831 non

144 858 280 955 audes,
297 860 509 943 hominum
529 864 664 944 saltem
689 865 811 944 fidem
830 864 1013 972 implora.
1073 864 1294 957 Genevam,

143 968 310 1077 inquam
323 975 422 1068 redi,
438 977 624 1084 permitte
645 994 683 1055 te
700 976 782 1056 illic
799 974 1087 1083 magistratibus
1106 993 1147 1055 et
1164 1003 1295 1084 popu·

146 1080 211 1176 lo;
231 1084 298 1165 dic
316 1086 396 1167 illis
415 1106 460 1166 ut
474 1089 624 1168 castum
643 1106 683 1166 et
700 1090 949 1168 innocentem
963 1085 1183 1181 hominem,
1196 1085 1295 1167 falso

143 1192 430 1292 insimulatum,
461 1199 624 1280 deceat:
655 1200 744 1280 Viri
773 1200 1044 1294 Genevenses;
1076 1199 1294 1280 multorum

144 1308 252 1415 apud
270 1336 339 1390 vos
358 1331 399 1391 et
416 1313 730 1418 gravissimorum
750 1313 963 1391 criminum
988 1311 1169 1406 accusor;
1195 1311 1222 1390 fi
1242 1312 1296 1391 ita

145 1419 289 1512 vixi,fi
309 1423 411 1503 inter
424 1451 493 1505 vos
508 1426 563 1504 ita
577 1426 746 1504 versatus
766 1425 867 1518 sum,
883 1444 928 1503 ut
946 1421 1029 1505 haec
1045 1451 1115 1533 per
1133 1423 1295 1504 idoneos

145 1528 261 1613 testes
274 1553 315 1613 et
325 1556 558 1642 argumenta
573 1537 730 1645 probari
743 1537 854 1615 vobis
869 1537 1024 1644 poslint,
1041 1562 1091 1614 cn
1107 1535 1193 1614 fisto
1206 1562 1293 1629 me;

144 1643 374 1751 legitimum
393 1649 477 1757 pati
489 1648 704 1753 judicium,
724 1648 832 1756 quod
849 1665 961 1727 antea
981 1647 1165 1740 recusavi,
1190 1674 1295 1726 nunc

144 1780 227 1836 non
258 1758 406 1838 recuso.
464 1760 559 1840 Hoc
586 1762 714 1840 multo
741 1756 873 1839 minlts
899 1759 1074 1853 audebis,
1105 1758 1159 1838 sat
1190 1757 1293 1838 scio:

145 1869 261 1949 malis
279 1872 535 1978 tergiversari,
553 1893 597 1951 ut
612 1873 724 1983 supra
740 1873 839 1966 dixi,
854 1872 967 1951 malis
986 1871 1144 1951 aliunde
1158 1869 1295 1979 perfit-

145 1980 214 2086 gia
239 2001 279 2061 et
302 1982 467 2065 latebras
496 2003 537 2065 et
562 1986 792 2064 diverticula
816 1984 988 2063 veterani
1012 1983 1229 2063 scortatoris
1255 1984 1295 2061 in

144 2092 313 2173 modum
332 2121 516 2202 quaerere.
576 2099 847 2176 Veruntamen
862 2096 1040 2204 honestam
1058 2095 1170 2175 suisle
1187 2095 1296 2174 illam

144 2204 344 2287 orationem
359 2235 491 2287 meam
507 2207 638 2288 fateris
652 2240 661 2302 ;
684 2209 748 2288 sed
758 2207 990 2318 praecedenti
995 2205 1135 2316 partim
1154 2206 1296 2313 corfin-

143 2316 309 2399 tientem.
370 2322 544 2399 Cuinam
564 2321 797 2429 praecedenti
816 2319 1000 2399 obsecro?
1030 2319 1174 2398 vellem
1195 2320 1295 2397 reci-

143 2428 275 2511 taffes:
292 2433 487 2538 egoenim
502 2433 653 2540 aliquot
668 2432 771 2512 retro
787 2432 940 2541 paginis
953 2459 1025 2540 pro
1036 2449 1142 2510 certo
1154 2426 1295 2524 habeo,

143 2566 196 2619 ne
229 2543 446 2624 minimum
479 2546 643 2651 quidem
676 2544 846 2625 obscoeni
880 2543 1090 2650 vestigium
1128 2542 1296 2621 inveniri

144 2653 265 2761 posse,
293 2657 387 2763 quia
411 2674 519 2735 tanto
544 2657 750 2736 intervallo
777 2656 826 2734 de
854 2673 891 2735 te
920 2655 1026 2734 nulla
1058 2654 1102 2734 fit
1128 2655 1293 2733 mentio.

147 2765 273 2868 Qubd
293 2768 445 2876 fiquem
465 2768 591 2848 alium
611 2770 744 2849 locum
760 2768 963 2875 intelligis,
980 2767 1048 2846 ubi
1065 2767 1105 2845 in
1122 2784 1188 2845 tua
1203 2767 1296 2845 vitia

141 2875 241 2958 false
261 2880 575 2961 animadversum
598 2881 667 2974 est,
695 2880 817 2960 velim
838 2898 876 2958 te
897 2880 1004 2973 scire,
1034 2878 1226 2987 quicquid
1253 2895 1296 2956 tu

145 3014 199 3068 ex
219 2992 380 3072 Platone
398 2993 600 3087 detorsrsti,
630 3019 758 3100 neque
782 2992 955 3071 alienum
979 2991 1053 3070 elle
1081 3019 1209 3099 neque
1235 2991 1297 3068 in·

145 3104 416 3183 verecundum
442 3106 583 3184 eodem
604 3107 644 3184 in
670 3106 771 3184 libro
795 3131 890 3183 cum
916 3104 1132 3183 acrimonia
1162 3122 1203 3183 et
1221 3102 1296 3181 sale

145 3212 362 3323 (profligati
376 3218 484 3296 enim
494 3215 650 3324 pudoris
666 3217 784 3297 verba
801 3215 991 3323 nusquam
1006 3214 1090 3294 illic
1109 3214 1294 3323 reperies)

141 3344 184 3405 et
203 3328 334 3436 turpia
352 3328 542 3422 insectari,
561 3347 601 3408 et
624 3330 673 3409 de
694 3330 777 3409 Deo
796 3327 974 3434 cogitare.
1033 3325 1133 3406 Sane
1159 3327 1186 3405 st
1207 3353 1294 3404 ora·

144 3439 242 3518 toris
260 3460 500 3550 praeceptum
520 3438 598 3519 hoc
615 3468 755 3520 verum
773 3460 891 3547 atque
914 3435 1124 3517 honestum
1149 3437 1217 3529 est,
1246 3437 1295 3515 ln

143 3549 287 3630 eodem
305 3553 418 3632 vultu
436 3552 647 3633 convenire
671 3571 711 3632 et
736 3553 930 3660 pudorem
955 3569 994 3629 et
1019 3550 1292 3641 acrimoniam,

141 3662 284 3768 quidni
312 3664 452 3744 itidem
483 3666 525 3744 in
559 3664 700 3744 eodem
731 3691 798 3743 ore
828 3662 1088 3742 conveniant?
1129 3660 1294 3740 Nullius

143 3773 255 3852 enim
284 3776 469 3883 pudentis
495 3776 689 3885 pudorem
721 3776 869 3855 minuit
894 3772 1107 3853 vehemens
1137 3790 1177 3851 et
1204 3771 1295 3850 salsa

142 3886 398 3994 turpitudinis
417 3888 669 3996 exprobratio
687 3887 750 3966 vel
770 3888 891 3966 etiam
917 3885 1055 3978 irrisio,
1081 3884 1146 3964 sed
1166 3883 1293 3992 pudo·

144 4022 245 4090 rem,
266 3998 308 4077 in
326 4026 408 4108 quo
428 4001 535 4109 prius
554 4027 633 4079 non
653 4018 749 4092 erat,
778 3997 1001 4107 impudenti
1021 4023 1088 4076 reo
1107 3996 1215 4076 nulla
1234 4023 1293 4076 res

141 4106 340 4190 efficacius
358 4112 535 4193 incutere
554 4111 723 4190 videtur.
781 4111 850 4189 Tu
866 4109 954 4188 vide
970 4128 1015 4188 ut
1030 4135 1125 4188 cum
1144 4109 1294 4217 pudore

142 4238 184 4300 et
196 4221 416 4328 cogitatione
427 4224 509 4305 Dei
520 4242 587 4302 tua
601 4222 697 4302 stare
713 4240 902 4331 perpetua
918 4220 1060 4330 poffint
1074 4220 1291 4313 mendacia,

142 4332 390 4415 Ecclefiastes
414 4336 653 4429 adulterine;
684 4336 754 4443 qui
783 4331 964 4443 scripsisse
993 4360 1058 4411 me
1087 4332 1142 4411 ais
1166 4333 1293 4411 Roma

140 4446 321 4555 martyrii
330 4446 407 4553 fui
429 4477 449 4527 e
476 4446 739 4538 candidatum
756 4445 929 4554 struslas
945 4442 994 4524 ab
1014 4442 1177 4551 Jrfiritis
1199 4443 1294 4523 vitae

141 4584 234 4637 mea
247 4557 409 4664 irpsdias·
468 4560 534 4639 Ad
550 4560 657 4666 quod
679 4579 891 4665 utrumque
913 4556 1166 4634 mendacium
1187 4554 1293 4634 dilu-

142 4668 293 4750 endum
307 4698 408 4801 opus
427 4671 483 4751 est
503 4669 602 4750 nihil
619 4670 740 4765 aliud,
758 4670 827 4749 nis1
843 4689 888 4749 ut
906 4669 995 4775 quis
1009 4667 1144 4746 locum
1162 4665 1293 4773 ipsum

139 4780 233 4861 libri
249 4781 450 4891 inspiciat:
481 4804 520 4864 et
535 4811 606 4863 cur
624 4812 669 4862 ea
688 4783 737 4862 de
758 4810 798 4862 re
817 4779 968 4889 aliquid
987 4779 1151 4859 omnino
1170 4776 1292 4887 scrip-
