2888 5204
157 208 234 281 124
428 173 518 262 Pro
545 166 729 299 Populo
756 164 1021 296 Anglicano

148 367 270 421 ranno
286 343 327 419 in
346 342 542 452 populum
561 343 737 452 prodeffe
754 342 910 433 debeat,
928 362 988 434 tu,
999 340 1070 447 qui
1087 358 1168 419 tam
1180 337 1268 419 sanc·

148 470 231 531 tam
250 451 398 559 legem,
421 474 505 534 tam
527 453 733 561 augustam
759 455 838 532 tuis
856 451 1057 563 prreffigiis
1075 468 1272 560 pervertere
1331 492 1333 495 ·

148 591 190 642 ea
204 562 331 658 ausus,
346 567 418 673 qui
433 565 567 673 legem
584 567 688 645 inter
704 564 887 645 homines
904 563 1141 673 supremm,
1160 579 1200 641 et
1215 587 1276 673 po·

148 674 246 784 pulo
281 676 457 757 maxime
494 677 701 757 salutarem
733 678 783 756 ad
815 695 1071 784 tyrannorum
1106 673 1282 753 duntaxat

148 787 430 896 impunitatem
439 789 566 868 valere
577 788 750 883 voluisti,
763 789 982 894 tuinquam
996 786 1107 879 scito,
1116 782 1282 893 quando·

147 900 312 1006 quidem
330 899 457 1007 Angli
476 899 737 1009 Enthuſsastae,
764 918 802 980 et
820 892 971 991 Earttei,
996 916 1034 978 et
1054 914 1167 976 vates
1184 895 1287 975 totiet

148 1009 222 1089 tibi
238 1009 385 1105 sumus,
405 1038 471 1091 me
490 1031 578 1091 vate
597 1012 707 1105 scito,
727 1013 866 1091 Deum
884 1007 958 1090 tibi
975 1027 1096 1117 atque
1112 1005 1287 1087 homines

149 1122 247 1201 tanti
258 1122 407 1231 piaculi
421 1124 566 1203 ultores
578 1124 809 1203 imminere:
830 1149 1057 1230 quanquam
1067 1117 1289 1199 universum

148 1260 273 1341 genus
288 1232 511 1314 humanum
528 1234 716 1341 subjicere
733 1235 929 1342 tyrannis;
949 1232 991 1311 id
1008 1230 1081 1325 est,
1101 1249 1290 1338 quantum

148 1346 190 1425 in
208 1363 246 1425 te
266 1343 357 1440 fuit,
378 1347 428 1425 ad
446 1346 586 1426 bestias
604 1347 804 1439 damnare,
827 1342 905 1424 hoc
923 1343 1051 1453 ipsum
1070 1342 1197 1422 scelus
1213 1360 1291 1422 tam

149 1457 325 1536 immane
344 1456 409 1536 sua
428 1459 574 1567 partim
589 1458 632 1537 in
647 1478 685 1539 te
705 1457 805 1537 ultio
823 1455 894 1549 est,
907 1455 982 1535 suis
1000 1473 1039 1535 te
1060 1451 1177 1534 furiis
1195 1479 1291 1561 quo-
1329 1438 1333 1519 i

148 1594 306 1676 cunque
325 1567 432 1676 fugis
452 1588 659 1664 terrarum,
683 1588 801 1676 atque
820 1568 989 1662 oberras,
1014 1565 1079 1646 vel
1096 1562 1218 1647 citius
1233 1562 1293 1644 vel
1331 1584 1333 1649 1

147 1676 265 1758 serius
284 1677 532 1787 insequetur3
553 1700 593 1760 et
612 1681 743 1790 pejore
762 1679 884 1758 etiam
898 1708 957 1773 ea,
972 1705 1094 1786 quam
1108 1704 1217 1756 nunc
1232 1677 1294 1756 in·

148 1789 261 1884 sanis,
287 1789 433 1872 insaniit
455 1791 633 1899 agitabit.
690 1791 821 1871 Venio
842 1819 947 1870 nunc
968 1790 1017 1869 ad
1038 1788 1212 1870 alterum
1233 1814 1293 1869 ar-

147 1921 386 2009 gumentum
412 1923 541 1998 tuum,
567 1904 708 2014 prioris
732 1901 837 1982 haud
855 1901 1059 1997 diffimile;
1088 1901 1118 1979 fi
1143 1898 1292 2009 populo

148 2013 343 2095 resumere
362 2015 499 2096 liceret
516 2014 749 2125 potestatem
768 2013 892 2107 suam,
911 2012 1008 2094 nihil
1021 2029 1101 2092 tum
1118 2010 1205 2120 efflet
1221 2008 1291 2118 dis-

147 2126 314 2205 criminis
328 2126 428 2206 inter
440 2127 656 2236 popularem
673 2143 712 2205 et
725 2126 885 2233 regalem
888 2126 1047 2234 statum,
1062 2123 1132 2229 'ff
1148 2120 1247 2231 quid
1256 2123 1293 2203 in

147 2237 368 2343 hocſsnguli
383 2240 543 2317 rectores
557 2238 842 2347 corstituuntur,
855 2237 893 2317 in
911 2237 972 2317 illo
984 2236 1129 2345 plures,
1148 2235 1248 2342 quid
1265 2233 1292 2315 ii

148 2344 250 2425 nihil
261 2347 368 2427 aliud
384 2348 591 2443 intereffet,
604 2350 782 2457 nunquid
797 2349 886 2427 inde
901 2347 967 2428 res
986 2348 1054 2427 ub.
1068 2344 1295 2427 detrimenti

146 2460 329 2566 caperet?
358 2459 463 2539 Ecce
479 2478 613 2539 autem
628 2461 712 2540 aliae
725 2459 953 2540 differentiae
966 2488 989 2539 a
1003 2475 1127 2539 temet
1141 2456 1227 2567 ipso
1236 2456 1293 2537 al·

147 2567 246 2663 latae,
268 2570 440 2678 temporis
458 2572 650 2651 nimirum
668 2590 706 2651 et
719 2571 948 2679 flacceffionis
958 2602 973 2663 ;
1002 2598 1083 2650 cum
1095 2570 1296 2678 populares

145 2680 386 2788 magistratus
404 2685 523 2763 annui
533 2684 628 2792 ser?
640 2684 740 2786 fint,
761 2710 886 2790 reges,
901 2683 971 2763 nifi
988 2680 1083 2790 quid
1103 2680 1295 2761 commit-

147 2808 245 2884 tant,
265 2794 471 2904 perpetui;
492 2814 532 2874 et
552 2796 592 2873 in
609 2795 747 2874 eadem
767 2794 985 2905 plerunque
1001 2791 1167 2872 familia.
1199 2789 1296 2872 Dif-

146 2900 273 2983 ferant
297 2932 392 3012 ergo
413 2907 512 2986 inter
535 2905 573 2985 se
599 2923 768 2986 autnon
791 2905 989 2999 differant,
1018 2904 1066 2984 de
1085 2903 1167 2984 istis
1186 2904 1295 2983 enim

146 3016 324 3096 minutiis
344 3013 444 3096 nihil
465 3016 613 3112 labor0,
632 3018 674 3096 in
694 3015 771 3096 hoc
789 3016 895 3098 certe
913 3015 1168 3109 conveniunt,
1188 3014 1295 3123 quod

145 3126 355 3237 utrobique
381 3129 551 3238 populus
573 3130 726 3236 quoties
749 3130 791 3209 id
815 3129 971 3209 interest
995 3126 1147 3236 reipub.
1168 3126 1297 3234 potest

143 3266 266 3347 quam
280 3239 392 3319 alteri
408 3240 640 3349 potestatem
657 3239 787 3321 salutis
806 3239 973 3351 publicae
991 3235 1102 3319 cauit
1123 3238 1294 3317 tradide-

146 3370 219 3443 rat,
240 3378 327 3429 eam
346 3350 395 3429 ad
415 3351 450 3430 se
472 3350 599 3432 rursus
618 3380 692 3430 nec
710 3352 852 3458 injurii
875 3351 1041 3431 eandem
1066 3348 1118 3430 ob
1138 3348 1296 3430 causam

145 3487 339 3540 revocare.
398 3465 461 3542 At
478 3465 556 3569 lege
574 3464 682 3570 regid
695 3462 888 3569 Romaestc
906 3462 1094 3572 appellata
1113 3459 1244 3570 dequa
1257 3460 1295 3541 in

143 3570 334 3678 institutis,
349 3573 514 3680 Populus
525 3575 712 3654 Romanus
723 3575 892 3683 principi
903 3592 939 3655 et
958 3574 997 3652 in
1015 3600 1095 3652 eum
1107 3601 1208 3652 omne
1227 3573 1295 3652 ain-

135 3681 284 3790 perium
282 3679 454 3788 strum,et
458 3686 670 3793 potestatem
681 3686 854 3792 conceffit.
876 3687 1039 3793 Nempe
1049 3683 1296 3765 viCaesarum

144 3796 315 3887 coaetus,
342 3796 412 3902 qui
436 3793 599 3876 honesto
625 3797 723 3903 legis
750 3797 865 3877 titulo
889 3796 998 3877 suam
1017 3795 1296 3876 tantummodi)

142 3902 371 3984 violentiam
386 3905 618 4003 sanxerunt;
648 3910 697 3987 de
713 3937 794 4016 quo
810 3908 938 4019 supra,
957 3907 998 3987 id
1015 3907 1124 4016 quod
1140 3907 1213 4017 ipfi
1226 3907 1295 4013 ju-

143 4014 358 4097 risconsulti
381 4019 422 4096 in
448 4014 556 4098 hunc
585 4019 720 4099 locum
748 4048 828 4099 non
856 4019 1110 4101 diffimulant.
1170 4019 1296 4129 Qud

142 4125 264 4236 igitur
283 4127 477 4235 legitimi,
494 4149 533 4209 et
548 4131 703 4209 volente
719 4132 870 4241 populo
883 4130 1107 4212 conceffum
1123 4157 1204 4210 non
1225 4129 1295 4225 est,

142 4239 184 4318 id
203 4239 420 4320 revocabile
440 4242 538 4347 quin
558 4241 603 4321 fit
622 4267 701 4320 non
720 4242 960 4324 dubitamus.
1021 4243 1296 4322 Veruntamen

142 4352 284 4434 rationi
308 4350 484 4434 maxime
508 4352 812 4436 consentaneum
834 4354 905 4449 est,
925 4353 1124 4465 populum
1142 4355 1298 4437 Rorna-
