2888 5204
149 191 225 296 338
386 177 612 274 Authoris
636 216 722 312 pro
746 176 790 276 se
816 175 1047 277 Defensio

147 378 228 458 gas,
290 356 399 436 Pacis
427 359 609 438 articulos
636 360 737 440 inter
765 361 853 440 Nos
879 378 919 440 et
946 360 1179 442 Foederatas
1200 360 1279 439 Pro·
1333 368 1337 409 ³

146 465 291 545 vincias
313 469 452 549 Latini
471 468 630 551 conditos
647 471 798 552 vertisse
827 491 866 551 te
885 471 1001 552 dicis.
1063 475 1207 581 Legito
1224 473 1283 550 ita·

148 603 226 682 que
247 605 412 674 nonum,
433 581 650 676 decimum,
672 601 711 663 et
731 584 1009 679 undecimum,
1021 613 1131 694 quos
1149 606 1193 667 tu
1209 580 1288 663 clun

147 689 337 784 vertebas,
358 689 485 773 solbm
504 714 654 775 vertere
674 695 856 776 debuisti.

482 883 687 962 Articulus
704 884 813 993 pacis
829 911 957 963 nonus.

206 1027 329 1136 Qud
361 1047 497 1107 neutra
526 1027 719 1107 distarum
754 1030 947 1137 Rerump.
979 1026 1121 1111 hostes
1151 1031 1295 1113 alterius
1333 1072 1335 1099 ι

149 1134 323 1244 Reipub.
345 1138 557 1219 declaratos
577 1141 639 1219 vel
662 1139 926 1234 declarandos,
947 1141 989 1219 in
1017 1141 1108 1246 ejus
1130 1144 1305 1225 dominia·
1333 1131 1335 1165 ²

148 1249 326 1356 recipiet,
352 1279 479 1359 neque
509 1280 648 1331 eorum
670 1253 788 1331 alicui
817 1253 859 1331 in
886 1254 1087 1362 praediffis
1116 1254 1216 1336 locis
1241 1253 1297 1335 vel

149 1357 227 1437 alib
246 1388 497 1472 quocunque,
518 1365 639 1443 etiam
664 1383 774 1443 extra
801 1363 866 1444 sua
890 1364 1072 1445 dominia
1092 1367 1296 1457 auxilium,

148 1471 369 1565 confilium,
397 1473 614 1585 hospitium
638 1476 840 1569 concedet,
865 1503 939 1557 nec
963 1476 1196 1561 istiusmodi
1218 1476 1297 1559 hos-

150 1581 252 1661 tibus
284 1584 412 1664 ullum
444 1589 654 1682 auxilium,
681 1588 902 1682 confilium,
925 1585 1171 1698 hospitium,
1196 1589 1297 1672 savo·

147 1718 247 1786 rem,
268 1699 453 1804 pecunias
472 1699 641 1809 praestari
660 1701 874 1810 permittet.

523 1884 728 1965 Articulus
745 1883 915 1965 destinas.

205 2032 326 2140 de
354 2035 381 2113 fi
412 2035 597 2114 alterutra
623 2035 816 2113 distarum
842 2034 1097 2142 Rerumpub.
1128 2037 1297 2146 aliquem

148 2143 262 2224 suum
281 2145 391 2225 fuisse
411 2166 451 2226 et
469 2145 542 2225 effe
562 2144 729 2240 hostem,
749 2166 789 2225 et
815 2147 855 2224 in
882 2144 948 2224 sua
965 2144 1153 2228 dominia

148 2274 236 2336 tum
255 2257 343 2352 esse,
361 2277 429 2337 aut
448 2258 598 2337 ibidem
613 2257 849 2338 commorari
864 2285 934 2366 per
948 2257 1080 2338 literas
1095 2176 1297 2371 suarm:

149 2367 241 2449 licas
261 2371 373 2448 alteri
397 2369 682 2477 fignificaverit,
703 2388 797 2449 tunc
822 2368 888 2449 illa
910 2368 1031 2478 Resp.
1050 2398 1144 2478 quae
1168 2369 1296 2479 hujus-

147 2481 258 2559 modi
290 2482 419 2560 literas
454 2483 660 2591 receperit,
693 2482 794 2561 intra
830 2481 999 2590 spatium
1028 2484 1180 2591 viginti
1212 2487 1295 2565 octo

147 2592 302 2671 dierum
327 2593 521 2672 tenebitur
546 2595 651 2673 dieto
674 2591 776 2673 hosti
799 2595 998 2687 mandare,
1024 2612 1073 2673 ut
1094 2615 1213 2676 extra
1237 2595 1295 2675 sua

149 2704 325 2783 dominia
345 2724 472 2785 exeat.
532 2708 587 2786 Et
606 2706 722 2813 fiquis
749 2707 1022 2814 praedistorum
1042 2702 1224 2789 hostium
1241 2709 1293 2787 in·

149 2834 206 2894 tra
229 2816 530 2923 quindecimum
557 2818 666 2897 diem
689 2844 768 2897 non
794 2818 974 2911 exiverit,
995 2818 1143 2926 singuli
1173 2840 1294 2900 morte

148 2947 187 3007 et
208 2930 408 3009 amiffione
429 2930 624 3010 bonorum
644 2928 929 3010 multabuntur.

495 3116 700 3197 Articulus
719 3116 939 3198 undecrinus.

206 3264 329 3375 de
349 3267 479 3344 nullus
499 3263 619 3344 hostis
642 3265 825 3373 publicus
846 3265 965 3373 Reip.
985 3263 1147 3372 Angliae
1166 3268 1207 3346 in
1225 3266 1290 3346 ali·

147 3406 225 3485 qua
244 3377 403 3487 oppida,
424 3377 485 3456 vel
506 3378 580 3455 alia
604 3377 689 3456 loca
711 3377 946 3486 recipietur;
976 3403 1107 3484 neque
1127 3375 1290 3458 Domini

149 3492 320 3569 Ordines
341 3489 553 3568 Generales
572 3489 689 3568 alicui
709 3486 933 3594 hujusmodi
952 3486 1056 3568 hosti
1074 3490 1288 3597 publicoin

145 3599 242 3679 locis
272 3603 476 3709 praedidtis,
505 3602 696 3710 pecuniis,
722 3619 962 3694 commeatu,
996 3619 1064 3679 aut
1089 3600 1172 3681 alio
1196 3628 1286 3709 quo·

145 3739 301 3820 cunque
322 3715 441 3793 modo
461 3713 671 3806 auxilium,
687 3711 908 3805 confilium,
927 3732 997 3791 aut
1015 3710 1196 3793 savorem
1213 3708 1285 3793 dari

144 3826 389 3930 permittent.

202 3937 390 4015 Haeccine
409 3935 547 4014 audis?
577 3931 696 4042 quim
717 3933 942 4041 diligenter,
958 3930 1082 4041 quium
1101 3933 1229 4016 severe
1244 3930 1284 4013 sb

144 4068 309 4156 utraque
330 4047 551 4155 Republica
575 4046 699 4126 tribus
725 4046 922 4127 continuis
941 4047 1117 4127 articulis
1134 4066 1284 4129 mutum

144 4180 262 4268 atque
278 4160 477 4270 provisum
495 4160 552 4252 srt,
570 4160 708 4267 nequis
723 4158 883 4239 alterius
902 4155 1023 4238 hostis
1042 4158 1093 4237 ab
1112 4159 1283 4243 alterum

142 4276 204 4352 vel
224 4272 394 4381 hospitio
413 4273 475 4351 vel
496 4275 600 4351 testo
618 4272 855 4379 recipiatur;
885 4271 957 4377 qui
983 4267 1107 4352 hostis
1126 4272 1284 4353 dedan·

141 4405 202 4465 tus
215 4387 277 4465 vel
293 4384 545 4466 declarandus
565 4383 615 4463 ab
634 4384 821 4464 alterutrs
834 4382 895 4476 fit,
912 4383 950 4464 ei
965 4402 1010 4463 ut
1029 4385 1135 4494 aqud
1152 4405 1195 4466 et
1212 4379 1283 4492 igni
