2888 5204
159 177 237 283 316
434 162 524 254 Pro
551 157 737 290 Populo
763 156 1034 288 Anglicano

155 335 245 416 faba
261 332 431 414 cuditur.
490 335 544 413 Et
564 352 694 413 tamen
716 332 973 414 certiffimum
993 333 1065 428 est,
1090 333 1225 442 fugam
1246 338 1285 417 ad

155 448 316 528 Vestim
328 446 430 552 regis
444 446 594 538 Caroli,
605 443 753 525 absenti
768 464 855 524 tum
865 446 1020 555 aliquot
1030 447 1206 529 millibus
1216 450 1287 559 pas·

155 559 268 638 suum
280 558 524 652 Cromvello,
539 576 620 637 tam
633 585 783 636 novum
794 558 972 639 accidisse
984 577 1025 638 et
1037 560 1286 670 inopinatum,

155 668 277 779 quim
294 669 459 749 cuilibet
473 698 524 749 ex
540 671 683 748 Senatu
704 688 791 749 tum
810 670 851 748 in
872 670 968 750 urbe
982 670 1168 766 versanti,
1182 701 1288 782 quem

156 805 201 864 ut
225 784 273 861 de
297 810 338 861 re
362 781 666 890 inopinatissima
688 781 759 860 fibi
780 809 915 862 recens
937 782 1055 863 allata
1081 812 1156 894 per
1175 786 1288 867 literas

155 897 363 975 certiorem
381 891 489 973 secit.
550 894 631 973 Res
649 913 784 973 autem
802 893 857 973 ita
868 894 905 974 se
921 893 1086 989 habuit3
1109 898 1288 978 exercitus

155 1007 321 1087 univerfi
340 1006 502 1086 vocibus
522 1033 591 1086 rex
614 1006 785 1102 territus,
808 1006 880 1112 qui
906 1034 1001 1086 eum
1024 1008 1149 1089 nullis
1166 1011 1288 1090 officiis

155 1120 229 1199 suis
252 1138 320 1198 aut
344 1118 531 1228 pollicitis
557 1114 706 1196 fastum
730 1116 950 1212 meliorem,
980 1119 1033 1198 ad
1059 1118 1286 1232 supplicium

155 1232 312 1341 poscere
330 1231 414 1337 jam
440 1249 533 1309 tunc
556 1229 742 1339 coeperat,
769 1228 901 1309 statuit
922 1257 1019 1310 cum
1039 1231 1197 1314 duobus
1215 1254 1286 1315 tan·

156 1346 365 1424 tummodo
376 1340 538 1422 consciis
549 1341 737 1421 nocturnal
746 1339 918 1448 mgafibi
927 1342 1150 1425 consulere:
1164 1342 1285 1426 veriun

154 1454 334 1564 fugiendi
345 1454 501 1548 certior,
514 1450 635 1561 quim
647 1451 728 1561 qud
739 1451 909 1560 fugeret,
922 1481 993 1563 per
1002 1457 1201 1539 comitum
1211 1456 1283 1537 suo-

46 1576 51 1585 “
154 1566 314 1647 rumvel
327 1565 638 1675 imperitiamvel
654 1564 1045 1676 timiditatem,inops
1056 1570 1207 1651 consilii
1217 1567 1283 1679 qud

153 1677 190 1759 se
210 1680 416 1788 reciperet,
437 1677 656 1758 Hamundo
672 1678 806 1757 Vestis
825 1676 956 1757 insulae
974 1681 1127 1788 praefidi
1143 1682 1180 1762 se
1197 1684 1283 1762 ultro

153 1790 303 1871 dedidit
317 1821 328 1886 ς
349 1789 489 1899 crispe,
510 1787 668 1869 facilem
683 1789 753 1869 fibi
768 1817 819 1869 ex
834 1817 880 1869 ea
894 1790 1032 1884 insula,
1048 1812 1183 1901 parato
1195 1794 1282 1875 clam

154 1904 327 2011 navigio,
347 1903 550 1983 tranfitum
570 1902 610 1979 in
631 1901 804 1981 Galliam
830 1920 899 1981 aut
923 1903 965 1980 in
985 1903 1174 2012 Belgium
1197 1904 1280 1987 sore.

155 2016 254 2096 Haec
272 2042 348 2123 ego
363 2016 412 2095 de
427 2013 522 2121 fuga
536 2014 638 2122 regis
655 2014 697 2092 in
708 2014 868 2093 Vestitu
881 2041 932 2093 ex
942 2015 990 2094 iis
1000 2018 1195 2126 comperi,
1206 2018 1282 2128 qui·

153 2126 226 2208 bus
256 2156 341 2207 rem
369 2145 495 2205 totam
516 2123 769 2234 pernoscendi
794 2121 915 2233 quim
933 2128 1117 2235 proxima
1138 2127 1283 2211 facultas

155 2259 249 2319 erat.
309 2239 384 2319 Sed
404 2258 444 2318 et
463 2236 540 2317 hoc
558 2263 718 2344 quoque
737 2236 993 2317 criminosum
1011 2239 1083 2333 est,
1103 2243 1210 2349 quod
1226 2268 1283 2352 per

156 2352 447 2444 Cromvellum,
467 2349 594 2456 Angli
604 2349 784 2456 ingentem
802 2348 845 2429 de
857 2351 974 2430 Sertis
984 2354 1200 2460 partistrrrt
1211 2353 1282 2434 υἱι-

154 2462 300 2544 teriam.
360 2464 457 2542 Non
481 2461 596 2570 parti
608 2461 720 2567 sunt,
741 2462 875 2556 More,
901 2461 966 2542 sed
993 2463 1071 2543 fine
1090 2464 1283 2547 solaecismo

154 2577 300 2656 claram
320 2575 389 2655 fibi
410 2591 665 2682 pepererunt3
693 2592 735 2652 tu
754 2572 848 2654 verb
866 2577 1011 2682 cogita,
1030 2573 1156 2684 qualm
1173 2579 1281 2658 scotis

153 2707 362 2768 cruentum
382 2686 479 2764 illud
499 2685 677 2794 praelium
697 2683 830 2779 suerit,
855 2686 964 2793 cujus
983 2706 1026 2766 tu
1047 2692 1280 2771 mentionem

152 2797 429 2879 tantummodi>
441 2796 567 2876 facere
579 2797 803 2904 nequivisti,
816 2800 912 2906 quin
927 2799 1105 2881 instabile
1117 2831 1197 2911 prae
1210 2830 1281 2882 me·

153 2931 195 2991 tu
223 2910 496 3020 professorium
527 2929 647 3016 caput
685 2930 797 2989 tuum
829 2912 877 2990 ad
905 2912 1090 2993 Prisciani
1115 2916 1280 3024 pluteum

151 3024 324 3102 nutando
340 3022 531 3100 allideres.
577 3021 651 3099 Sed
668 3021 868 3102 videamus
884 3022 1001 3133 porro
1012 3045 1206 3133 quantum
1223 3025 1280 3106 sla·

149 3136 295 3241 gitium
310 3132 529 3213 Cromvelli
545 3129 679 3226 suerit,
690 3135 824 3213 Scotos
837 3135 1114 3244 irrumpentes,
1131 3137 1278 3250 imperi·

150 3275 220 3325 um
242 3246 311 3325 fibi
336 3247 376 3323 in
397 3245 548 3352 Anglos
567 3244 652 3348 jam
680 3246 923 3353 pollicentes,
948 3249 1189 3331 nobilissimo
1210 3247 1279 3362 poll

150 3356 294 3436 multas
314 3374 441 3436 aetates
462 3357 591 3464 praelio
611 3356 755 3436 vicisse.
814 3360 924 3438 Inter
947 3360 1015 3440 has
1036 3361 1188 3458 turbas,
1211 3362 1278 3446 dut

122 3558 125 3564 ,
151 3469 382 3547 Cromvellus
396 3497 478 3547 cum
494 3468 659 3548 exercitu
675 3469 793 3578 abest:
826 3471 959 3551 Immo
974 3473 1073 3553 dum
1086 3473 1237 3557 hostem
1248 3475 1279 3550 in

149 3581 302 3687 Angliae
322 3579 463 3658 viscera
477 3579 562 3682 jam
582 3582 839 3689 progressum,
853 3583 938 3687 jam
954 3585 1205 3668 Parlamento
1222 3583 1278 3696 ipfi

147 3691 424 3769 imminentem
439 3692 704 3785 Cromvellus,
723 3695 842 3772 etiam
859 3695 1084 3778 deficientes
1102 3701 1280 3780 Cambrot
1326 3726 1328 3771 ;

146 3801 194 3879 ad
216 3801 336 3879 fidem
356 3803 593 3896 reducendo,
617 3824 657 3884 et
676 3804 872 3885 obsidione
900 3808 1019 3914 longai
1041 3810 1225 3907 deseffuS,
1247 3824 1282 3888 ut

145 3911 257 4003 vidit,
281 3931 325 3990 ut
345 3913 454 4004 vicit,
481 3935 525 3991 ut
548 3915 814 4020 gloriosrffime
838 3915 955 4013 fudit,
981 3921 1283 4030 Presbyterianos

145 4024 295 4106 taediurn
317 4024 521 4104 Cromvelli
532 4045 705 4135 ceperat:
736 4029 819 4108 Hic
834 4058 973 4110 verum
992 4033 1116 4130 dicis;
1145 4036 1244 4116 dum
1260 4035 1285 4112 is

144 4163 400 4218 communem
417 4132 568 4216 hostem
582 4166 676 4218 cum
688 4142 775 4219 vitae
787 4140 1010 4223 discrimine
1022 4146 1287 4257 propulsat,hi

143 4250 381 4329 militantem
407 4276 478 4355 pro
501 4248 576 4328 sese
604 4271 643 4329 et
670 4253 711 4330 in
743 4254 825 4332 acie
852 4251 1007 4335 sortiter
1033 4258 1288 4341 dimicantem

141 4361 315 4441 confictis
328 4361 746 4443 criminibusaccusant
758 4365 892 4460 domi;
911 4368 1288 4483 etHuntingtonurn
