2888 5204
140 575 194 659 82
413 560 506 656 Pro
529 552 715 692 Populo
740 552 1010 688 Anglicano

140 733 206 817 me
225 752 428 844 gerentem
448 761 527 812 non
546 733 697 813 liceret.
754 733 812 813 At
827 760 899 843 per
912 729 1019 840 leges
1034 738 1200 838 regnare
1214 754 1287 809 non
1334 744 1338 819 ξ

140 849 271 960 potuit
289 864 426 956 utpote
445 844 623 939 foemina,
643 844 833 956 constitues
846 862 969 925 autem
970 843 1093 953 super
1105 859 1145 925 te
1160 870 1288 949 regent,

142 988 223 1040 non
243 959 435 1067 reginam.
494 960 588 1039 Hoc
609 958 636 1037 fi
656 959 706 1038 src
720 957 858 1052 abibit,
874 957 1099 1049 constitues,
1115 954 1290 1065 inquam,

143 1072 256 1182 super
276 1089 314 1152 te
331 1098 483 1178 regem,
503 1098 583 1150 non
603 1090 826 1178 tyrannum.
886 1070 1002 1149 Pares
1020 1093 1117 1175 ergo
1127 1066 1215 1173 jam
1233 1065 1292 1145 su·

143 1212 246 1265 mus.
305 1182 518 1262 Amaziam
538 1210 674 1291 regem
693 1183 884 1290 ignavum
898 1200 938 1262 et
953 1179 1205 1261 idololatram
1217 1203 1292 1258 non

145 1295 337 1401 conjurati
365 1295 544 1403 quidam,
574 1293 639 1374 sed
672 1294 868 1404 principes
901 1311 940 1374 et
973 1291 1160 1406 populus,
1189 1284 1312 1399 quod'

144 1406 393 1487 verisrmilius
421 1407 491 1501 est,
520 1424 646 1486 morte
675 1405 914 1486 affecerunt:
954 1432 1047 1484 nam
1076 1401 1296 1512 fugientem

145 1517 449 1628 Hierosolymis,
466 1537 506 1598 et
525 1518 703 1624 adjutum
720 1515 928 1612 bnemine,
946 1513 1162 1597 Lachisum
1176 1513 1294 1624 usque

145 1631 338 1742 persecuti
369 1629 470 1711 sunt.
535 1633 629 1710 Hoc
656 1630 862 1710 confilium
887 1628 1011 1709 iniisse
1037 1628 1227 1709 dicuntur
1253 1654 1296 1706 ex

145 1773 213 1854 quo
231 1744 264 1823 is
283 1744 407 1823 Deum
426 1741 657 1835 deseruerat,
679 1769 806 1850 neque
832 1741 956 1822 ullam
978 1738 1027 1820 ab
1046 1739 1194 1820 Azaria
1216 1737 1296 1818 filio

146 1854 195 1934 de
214 1871 341 1935 morte
361 1856 480 1964 patris
499 1854 753 1962 quaestionem
777 1851 954 1934 habitam
977 1850 1088 1932 fuisse
1113 1850 1295 1958 legimus.

145 1963 332 2045 Multum
342 1965 469 2045 rursus
484 1968 641 2073 nugaris
653 1994 704 2045 ex
716 1965 922 2061 Rabbinis,
930 1983 975 2045 ut
989 1967 1147 2073 Regem
1156 1962 1298 2070 Judai'·

146 2104 242 2157 cum
270 2074 383 2186 supra
413 2077 635 2184 synedrium
664 2077 897 2172 constituas;
941 2075 1022 2187 ipsa
1049 2076 1154 2184 regis
1183 2074 1297 2156 verba

148 2187 356 2269 Zedechiae
374 2216 453 2269 non
480 2190 658 2272 attendis.
716 2192 800 2297 Jer.
828 2189 895 2297 38.
923 2191 1011 2270 Non
1031 2187 1127 2296 isest
1150 2216 1222 2267 rex
1238 2186 1301 2298 qui

139 2300 247 2412 poffit
265 2318 396 2382 contra
412 2330 477 2381 vos
495 2301 701 2412 quicquam.
763 2301 826 2382 Sic
846 2302 1043 2411 principes
1058 2299 1296 2409 alloquitur;

147 2412 262 2494 sallus
275 2412 311 2493 se
324 2411 439 2523 plane
452 2413 519 2495 suo
531 2413 663 2494 senatu
678 2411 929 2509 inferiorem3
956 2412 1138 2522 Fortaffe,
1152 2413 1296 2521 inquis,

148 2525 246 2606 nihil
259 2554 396 2633 negare
415 2525 490 2607 illis
507 2524 619 2633 arisus
632 2544 730 2606 metu
735 2524 941 2630 fiditionis.
999 2525 1057 2605 At
1071 2544 1188 2604 tuum
1203 2523 1299 2603 illud

133 2636 298 2747 fortaffl
316 2641 454 2746 quanti
472 2639 598 2746 quaeso
619 2638 687 2732 est,
707 2638 817 2743 cujus
836 2637 1058 2719 asseveratio
1083 2635 1299 2716 firmiffima

148 2748 309 2828 nonest
334 2749 435 2858 pili?
470 2751 567 2857 quid
590 2752 699 2829 enim
726 2768 764 2829 te
786 2749 926 2844 levius,
953 2750 1049 2859 quid
1077 2747 1300 2828 inconstan-

149 2862 254 2956 tius;
281 2860 378 2968 quid
397 2860 641 2941 instabilius?
670 2862 822 2971 quoties
844 2880 881 2941 te
900 2865 1055 2943 varium
1074 2879 1115 2941 et
1134 2860 1299 2941 versico-

148 2972 289 3066 lorem,
310 2975 464 3080 quoties
489 2974 647 3055 tibimet
675 2973 907 3069 discordem,
934 2974 1182 3055 diffidentem
1201 2968 1226 3051 ὲ
1244 2991 1300 3053 te·

149 3083 331 3192 metipso,
344 3104 384 3165 et
397 3084 682 3196 discrepantem
698 3085 963 3167 offendimus?
1022 3085 1171 3167 Rursus
1190 3111 1301 3165 com·

149 3197 368 3306 parationes
388 3197 556 3279 instituis
577 3198 712 3279 Caroli
731 3227 825 3278 cum
835 3197 949 3278 bonis
974 3198 1116 3303 Judm
1130 3195 1300 3305 regibus.

151 3308 352 3389 Davidem
385 3311 581 3420 imprimis
618 3310 724 3418 quasi
760 3311 1095 3391 contemnendum
1128 3309 1303 3417 aliquem

150 3422 352 3516 nominas3
385 3422 494 3502 Sume
516 3421 590 3502 tibi
614 3421 817 3517 Davidem,
837 3423 983 3530 inquis,
1003 3420 1186 3503 adulterii
1185 3420 1307 3525 fimul

149 3550 187 3613 et
204 3532 389 3615 homicidii
404 3563 506 3613 reum
518 3563 531 3626 ,·
565 3533 663 3614 nihil
675 3535 752 3614 tale
775 3536 814 3614 in
840 3535 985 3615 Carolo.
1047 3534 1208 3615 Salomon
1227 3530 1304 3640 ejus

134 3644 248 3753 filius
266 3645 334 3756 qui
335 3643 488 3756 sapiens
513 3645 636 3727 audiit
655 3647 782 3754 vulgo.
842 3648 944 3756 Qis
970 3674 1051 3727 non
1073 3646 1302 3754 indignetur

151 3759 421 3838 maximorum
449 3778 489 3838 et
518 3756 841 3839 sanoiffimorum
857 3760 1034 3840 virorum
1063 3759 1225 3838 nomina
1255 3755 1302 3837 ab

150 3869 411 3977 impurissimo
451 3869 646 3951 nebulone
681 3887 722 3949 et
753 3872 880 3980 vappd
918 3868 1025 3951 hunc
1061 3871 1104 3949 in
1136 3869 1303 3949 modum

143 3978 309 4085 jactari?
362 3976 481 4061 Tsme
495 3982 687 4063 Carolum
705 4009 799 4063 cum
819 3983 988 4076 Davide,
1003 4010 1138 4090 regem
1151 4000 1192 4062 et
1241 4008 1304 4061 ro-

149 4089 316 4200 phetam
343 4093 671 4200 religiosrslimum
696 4122 791 4174 cum
819 4094 1080 4205 superstitioso
1103 4113 1144 4174 et
1167 4009 1305 4173 Cbris-

151 4203 265 4284 tianae
283 4205 466 4285 dostrinae
484 4206 552 4284 vix
572 4206 741 4300 initiato,
761 4205 1083 4316 sapientiffimum
1104 4234 1199 4287 cum
1225 4204 1305 4285 sto-

151 4313 248 4410 lido,
273 4314 526 4397 fortissimum
544 4347 639 4398 cum
658 4318 828 4413 imbelli,
841 4319 1096 4424 justissimum
1113 4345 1209 4398 cum
1226 4317 1305 4397 ini-

151 4427 335 4535 quiffimo
365 4428 543 4510 conferre
573 4429 808 4511 sustinuisti?
842 4432 1113 4512 castimoniam
1146 4447 1191 4511 tu
1222 4429 1305 4536 ejus

149 4559 191 4621 et
207 4541 492 4622 continentiam
510 4541 658 4636 laudes,
687 4571 808 4652 quem
834 4572 928 4625 cum
959 4546 1075 4625 Duce
1100 4539 1304 4623 Bucchin·

149 4653 283 4761 gamio
303 4652 459 4764 flagitiis
478 4654 662 4736 omnibus
685 4675 917 4767 coopertum
936 4656 1148 4738 novimus?
1177 4654 1303 4736 secre-

149 4765 248 4846 tiora
267 4765 348 4873 ejus
367 4786 408 4848 et
427 4766 589 4850 recessus
616 4767 845 4879 perscrutari
868 4770 966 4879 quid
992 4768 1147 4864 attinet,
1166 4768 1240 4877 qui
1263 4767 1305 4847 io
