2888 5204
326 586 551 691 Defensio
576 587 840 690 Secunda.¹
936 659 937 662 κ
1056 633 1078 690 2
1085 633 1130 718 51

124 764 295 862 rfusum3
326 766 389 848 sed
416 785 577 861 attenta,
609 787 649 848 et
679 759 899 849 confidente
922 769 1029 876 quali
1054 788 1137 850 tota

124 880 278 987 l,uropa
299 898 339 958 et
351 880 548 985 judicium
569 878 731 973 ferente,
753 881 800 959 ad
821 880 1017 960 universos
1037 908 1136 989 qua·
1199 891 1202 896 ’

124 1017 144 1067 e
164 991 477 1096 gravissimorum
498 988 725 1084 hominum,
744 990 919 1084 urbium,
940 993 1136 1100 gentium,

124 1100 179 1180 lus
198 1120 315 1209 atque
335 1120 564 1197 conventus,
584 1120 624 1181 et
641 1104 770 1210 priore
790 1101 1026 1198 defenfione,
1047 1105 1137 1183 dix-

124 1209 223 1292 :hac
244 1213 370 1293 rursus
389 1214 602 1296 dicturum.
661 1214 755 1318 Jam
773 1215 909 1293 videor
928 1212 1084 1309 mihi,
1073 1244 1136 1295 rn-

124 1351 135 1404 s
175 1325 262 1420 iter,
301 1325 574 1405 transmarinos
603 1329 747 1405 tradtus
774 1343 813 1404 et
838 1329 1035 1434 porrectas
1060 1325 1138 1407 late

124 1463 182 1529 es,
196 1435 372 1516 sublimis
384 1436 617 1545 perlustrare
625 1437 779 1529 ;vultus
791 1437 1138 1546 innumerosaeque

124 1575 159 1640 s,
179 1549 302 1627 animi
322 1547 447 1627 sensus
467 1575 629 1628 mecum
644 1548 989 1653 conjunctiffimos.
1025 1550 1138 1630 Hinc

124 1687 285 1739 anorum
304 1659 416 1738 virile
436 1679 476 1739 et
496 1657 682 1738 infestum
704 1659 876 1739 servituti
897 1658 1029 1753 robur,
1046 1660 1137 1741 inde

124 1797 234 1849 orum
249 1770 371 1849 vividi
384 1771 575 1878 dignique
588 1771 748 1850 nomine
761 1762 961 1850 liberales
951 1791 1137 1879 impetus,

124 1881 375 1992 {ispanorum
394 1881 567 1962 consulta
587 1883 724 1976 virtus,
750 1881 940 1961 Italorum
965 1882 1057 1961 inde
1081 1883 1138 1962 se·
1152 1936 1154 1940 -

124 1993 230 2100 rique
246 2021 409 2102 compos
425 1993 726 2101 magnanimitas
741 1978 792 2072 ob
805 1994 940 2073 oculos
954 1994 1137 2074 versatur

124 2105 200 2212 [uid
219 2105 372 2213 uspiam
391 2103 607 2185 liberorum
627 2110 849 2217 pectorum,
865 2105 1086 2214 quicquid
1074 2134 1138 2185 1n-

124 2216 336 2323 quicquid
357 2217 600 2323 magnanimi
620 2237 687 2295 aut
702 2211 872 2325 prudens
891 2218 998 2310 latet,
1015 2236 1082 2297 aut
1100 2217 1138 2296 se

137 2326 357 2435 profitetur,
380 2329 447 2407 alii
471 2325 585 2408 tacite
602 2326 746 2419 favere,
763 2327 830 2407 alii
850 2326 983 2435 aperte
1000 2327 1136 2407 suffra-

123 2466 324 2519 accurrere
350 2439 417 2518 alii
440 2458 480 2518 et
507 2438 644 2547 plausu
669 2439 860 2545 accipere,
885 2439 952 2518 alii
978 2439 1138 2518 tandem

124 2551 213 2645 reti,
240 2551 439 2630 dedititios
458 2550 494 2628 se
520 2550 685 2630 tradere.
744 2549 893 2629 Videor
909 2549 995 2657 jam
1019 2547 1136 2643 mihi,

138 2661 419 2771 circumseptus
442 2662 581 2770 copiis,
608 2660 656 2740 ab
681 2660 890 2741 Herculeis
921 2660 1040 2767 usque
1070 2688 1139 2740 co-

126 2801 158 2866 s,
191 2774 238 2852 ad
267 2794 464 2852 extremos
485 2771 620 2852 Liberi
640 2774 766 2852 Patris
792 2774 996 2866 terminos,
1020 2772 1142 2853 liber-

147 2885 215 2963 diu
243 2883 396 2992 pulsam
426 2903 542 2991 atque
572 2884 747 2977 exulem,
787 2881 906 2991 longo
936 2885 1141 2965 intervallo

124 3022 162 3074 m
180 2996 325 3103 ubique
345 2997 526 3102 gentium
541 2995 750 3074 reducere:
773 2997 841 3089 Et,
855 2995 962 3104 quod
974 2997 1141 3105 Tripto-

144 3106 242 3186 olim
262 3105 399 3201 fertur,
425 3106 487 3186 sed
509 3104 626 3215 longe
646 3105 880 3185 nobiliorem
901 3107 1056 3187 Cereali
1074 3108 1143 3187 illa

124 3247 169 3312 n,
194 3246 245 3297 ex
267 3219 423 3297 civitate
447 3245 536 3297 mea
559 3216 742 3325 gentibus
765 3219 1002 3346 importare;
1033 3217 1143 3298 resti-

124 3364 128 3409 ι
149 3356 293 3438 nempe
313 3329 473 3408 civilem
498 3327 746 3457 liberirmque
772 3330 860 3407 vitae
882 3330 1050 3423 cultum,
1072 3358 1142 3438 per

124 3468 218 3550 per
236 3467 369 3547 regna,
389 3466 538 3548 perque
558 3443 733 3520 nationes
752 3438 1008 3521 diffeminare
1068 3442 1144 3521 Sed

124 3571 239 3631 notus
254 3550 384 3658 plane,
399 3579 471 3631 nec
491 3549 644 3631 fortaffe
664 3579 742 3630 non
762 3569 894 3659 gratus
909 3550 1063 3629 rursum
1073 3552 1144 3631 ad

124 3662 310 3757 >;fisum
326 3662 447 3792 idem,
460 3690 529 3771 qur
519 3663 874 3772 pugnaciffimum
890 3680 1144 3769 tyrannorum

124 3793 220 3868 tem,
234 3792 274 3853 et
286 3774 473 3882 opinione
489 3774 784 3882 plerorumque,
797 3790 838 3852 et
852 3773 909 3852 sui
924 3772 1094 3853 fiducia
1083 3801 1146 3853 rn-

124 3885 257 3966 ibilem
270 3905 382 3964 antea
392 3886 602 3978 creditum,
618 3913 712 3964 cum
727 3911 797 3964 nos
814 3884 1032 3993 nostrasque
1043 3886 1145 3967 acies

124 3993 283 4077 meliosi
302 3996 511 4090 lacesseret,
531 4017 571 4077 et
592 3998 819 4105 Optimates
837 3994 958 4075 nostri
977 4024 1042 4076 me
1091 3999 1145 4077 ri-

143 4109 401 4202 intuerentur,
440 4107 623 4215 fingulari
656 4107 872 4187 certamine
910 4025 1145 4215 congrefius,

124 4218 402 4299 >convitiantis
421 4218 463 4296 in
482 4219 671 4326 jugulum
689 4216 767 4297 hoc
788 4216 917 4324 stylo
907 4245 1033 4298 rmmo
1053 4220 1147 4300 suis-

124 4330 220 4440 pfius
240 4332 341 4424 telis,
359 4329 574 4423 collocavi;
605 4350 644 4410 et
665 4329 734 4408 nisr
753 4328 876 4407 velim
896 4347 954 4407 tot
973 4331 1148 4440 undique

124 4469 193 4521 um
201 4441 511 4549 intelligentium
523 4440 683 4521 calculis
698 4459 815 4547 atque
830 4439 1147 4535 sententiis,neu-

124 4580 153 4633 n
169 4552 333 4637 addictis
350 4550 452 4632 mihi
468 4572 535 4633 aut
545 4551 727 4632 obnoxns
739 4550 914 4630 diffidere
934 4552 1088 4659 prorsus
1108 4574 1148 4636 et

124 4692 201 4758 are,
230 4665 366 4773 opima
391 4663 512 4773 spolia
532 4661 663 4744 retuli
724 4662 821 4741 Haec
842 4662 919 4741 fine
939 4663 1019 4741 ulla
1037 4666 1149 4746 vani-

124 4777 201 4858 ntia
212 4777 267 4855 ita
278 4776 352 4858 effe
368 4803 408 4858 re
422 4802 527 4870 vera,
536 4776 596 4855 vel
613 4774 712 4856 illud
726 4771 902 4854 maxime
915 4796 1151 4881 argumento
