2888 5204
141 193 191 273 68
407 192 499 282 Pro
525 184 712 320 Populo
740 184 1007 317 Anglicano

142 381 225 442 tere
255 362 534 472 imperatorem
564 362 755 472 appellari
781 364 1018 442 Dominum.
1080 360 1283 464 Augures,

143 469 1287 697 llas³assslsssssss⁰iossssslsclssssffi

144 717 260 778 torem
277 697 470 792 dominum,
475 697 551 807 sed
564 698 706 809 quando
725 728 795 778 non
814 727 922 806 cogor
939 716 984 777 ut
999 695 1202 779 Dominum
1219 690 1292 776 Dei

144 809 229 892 vice
239 809 381 892 dicam:
399 809 587 892 Caeterdm
600 810 695 891 liber
699 809 788 918 sum
799 812 870 905 illi,
883 811 1067 892 Dominus
1078 836 1180 888 meus
1191 807 1290 888 Dm

147 952 243 1002 unus
261 922 324 1030 est,
344 943 413 1007 etc.
434 941 475 1003 et
494 923 643 1004 ibidem
662 924 730 1033 qui
745 926 868 1005 Pater
879 923 1023 1033 patria
1045 920 1108 1029 est,
1131 912 1291 1029 quondo

148 1033 332 1115 Dominus
350 1035 433 1176 est?
491 1035 698 1116 Gratulare
727 1062 831 1114 nunc
862 1034 935 1114 tibi
956 1034 1006 1115 de
1031 1031 1290 1123 Tertulliano,

148 1176 271 1256 quem
290 1147 378 1229 sane
397 1146 596 1258 praestabat
616 1147 774 1227 missum
798 1145 941 1227 feciffe.
1000 1147 1060 1226 At
1081 1138 1293 1254 pam‘rt'ln

148 1260 312 1369 appellat
327 1259 394 1370 qui
402 1261 659 1341 Domitianum
677 1258 958 1366 interficerunt.
1016 1253 1144 1338 Recte
1162 1250 1291 1365 appel-

149 1373 228 1466 lat3
250 1374 384 1452 uxoris
403 1373 511 1451 enim
531 1392 571 1452 et
589 1370 832 1452 famulorum
850 1371 1010 1464 insidiis,
1026 1365 1048 1449 ὲ
1067 1365 1290 1461 Parthenio,

150 1502 191 1564 et
211 1483 411 1593 Stephano
424 1486 732 1593 interceptarum
751 1485 1006 1593 pecuniarum
1025 1508 1092 1561 reo
1106 1479 1166 1559 est
1179 1481 1292 1559 inter·

149 1595 288 1675 festus.
348 1595 470 1708 Qod
490 1597 518 1676 fi
539 1599 702 1677 Senatus
723 1593 971 1708 Populusque
992 1596 1201 1674 Romanus
1213 1586 1293 1671 bos-

152 1727 235 1787 tem
248 1707 487 1813 judicatum,
507 1728 552 1788 ut
572 1710 778 1789 Neronem
802 1704 911 1816 prilrs
927 1704 1174 1814 judicabant,
1194 1698 1292 1786 etad

151 1818 391 1929 supplicium
402 1819 638 1928 quaerebant,
647 1848 757 1900 more
769 1819 961 1926 majorum
976 1815 1292 1931 puniviffent,eot

148 1932 360 2043 parricidas
377 1931 668 2041 appellaturum
689 1930 799 2012 fuisse
818 1931 974 2012 censes?
1003 1932 1087 2010 imo
1111 1927 1141 2008 fi
1159 1924 1292 2038 appel·
1314 2014 1316 2025 ,

151 2044 273 2139 lasset,
290 2045 434 2153 dignus
453 2044 534 2153 ipse
554 2044 748 2154 supplicio
764 2043 917 2140 suisset;
948 2043 1007 2124 uti
1025 2062 1069 2122 tu
1088 2038 1204 2122 furca
1213 2040 1291 2146 jam

150 2155 293 2264 dignus
309 2185 363 2236 es.
425 2157 596 2263 Origeni
611 2155 835 2264 responsum
850 2156 958 2237 idem
972 2152 1182 2264 quadrabit
1193 2146 1293 2261 quod

151 2268 312 2347 Irenaeo.
342 2264 576 2349 Atltanafius
591 2296 702 2376 reges
720 2289 828 2349 terrae
840 2268 888 2348 ad
903 2267 1076 2348 humana
1089 2262 1295 2346 tribunalia

151 2406 290 2459 vocare
308 2378 503 2459 nefarium
518 2380 592 2460 else
612 2381 722 2461 dicit.
829 2381 887 2459 uis
906 2378 983 2461 hoc
1001 2378 1105 2459 dixit
1119 2376 1295 2458 Athana·

153 2491 236 2569 fio?
265 2491 430 2572 verbum
450 2493 559 2571 enim
575 2494 656 2572 Dei
672 2386 914 2573 nunni-illc
933 2493 1064 2574 audio.
1126 2489 1313 2570 Credam*

153 2602 285 2711 itaque
304 2630 380 2710 ego
399 2605 702 2714 imperatoribus
720 2602 852 2714 potius
871 2623 911 2684 et
928 2603 1084 2713 regibus
1102 2602 1153 2682 de
1174 2600 1212 2681 se
1227 2598 1296 2680 sal·

155 2715 240 2793 sum
270 2712 347 2795 hoc
372 2715 446 2795 else
472 2715 701 2812 fatentibus,
729 2713 849 2825 quim
869 2715 1095 2798 Athanasio.
1155 2711 1295 2795 Adsert

152 2827 294 2906 deinde
323 2827 580 2908 Ambrosium
609 2856 660 2909 ex
689 2828 918 2940 proconsule
942 2847 983 2910 et
1010 2825 1294 2914 catechumeno

152 2937 397 3049 episcopum,
416 2940 533 3020 verba
559 2940 627 3020 illa
646 2940 826 3035 Davidis,
852 2940 927 3021 tibi
936 2939 1016 3048 soli
1026 2939 1203 3050 peccavi,
1224 2940 1295 3018 im-

151 3049 291 3180 perite,
305 3079 353 3131 ne
366 3052 496 3131 dicam
509 3052 751 3133 assentatorie
765 3053 1099 3162 interpretantem.
1131 3050 1297 3131 Volebat

152 3191 185 3244 rs
201 3190 339 3244 omnes
358 3165 454 3245 alios
475 3165 703 3274 imperatori
727 3163 916 3271 subjectos
939 3165 1028 3258 effe,
1054 3180 1100 3244 ut
1125 3164 1296 3273 impera·

152 3294 281 3356 torem
304 3276 385 3385 ipse
404 3274 608 3383 subjiceret
627 3276 709 3358 fibi.
769 3273 905 3388 Qdm
926 3278 1033 3357 enim
1058 3274 1241 3385 superbe,
1261 3289 1298 3355 et

152 3385 250 3467 fastu
268 3387 357 3496 plus
376 3386 496 3497 quim
516 3389 720 3497 pontificio
736 3387 1005 3469 Theodofium
1020 3390 1297 3498 imperatorem

152 3496 376 3578 Mediolani
406 3501 639 3595 tractaverit,
668 3501 781 3581 cadis
808 3499 1160 3581 Thessalonicensis
1188 3524 1297 3581 reum

152 3609 233 3800 ipse
252 3609 503 3715 judicaverit,
524 3612 691 3720 ingressu
711 3613 877 3693 ecclefiae
895 3612 1158 3724 prohibuerit,
1180 3606 1297 3720 quim

168 3749 190 3800 e
210 3721 352 3802 deinde
371 3725 568 3804 novitium
584 3741 624 3804 et
639 3726 777 3803 rudem
791 3727 1024 3835 evangelicae
1037 3724 1225 3805 doctrinm
1240 3720 1298 3804 os·

153 3833 335 3929 tenderit,
356 3836 539 3917 omnibus
555 3855 695 3915 notum
715 3837 782 3918 est.
813 3838 1100 3947 Imperatorem
1118 3836 1169 3917 ad
1182 3835 1300 3946 pedes

152 3944 233 4050 ejus
262 3947 516 4054 provolutum
545 3947 735 4028 excedere
764 3947 988 4030 salutatorio
1010 3948 1143 4055 juffit3
1185 3946 1300 4029 sacris

153 4058 312 4142 tandem
324 4059 563 4154 restitutum,
585 4079 625 4140 et
644 4061 851 4170 postquam
870 4061 1081 4156 obtulisset,
1100 4060 1215 4142 altari
1233 4058 1301 4141 ad·

151 4169 317 4250 stantem
336 4169 398 4251 his
416 4174 578 4253 vocibus
598 4192 708 4253 extra
727 4174 919 4254 cancellos
940 4175 1098 4281 exegitr
1133 4174 1170 4253 Ο
1189 4171 1301 4283 torpe·

151 4301 260 4363 rator
278 4282 458 4365 interiora
476 4284 555 4364 loca
569 4283 717 4364 tantrlm
722 4283 981 4392 stzcerdotibus
985 4287 1084 4394 sunt
1094 4282 1302 4377 attributa,

150 4423 234 4504 quae
251 4395 399 4477 catert's
417 4397 627 4505 contingere
640 4426 709 4479 non
724 4396 823 4480 licet.
861 4398 1064 4481 Dooome
1082 4394 1153 4479 hic
1169 4398 1303 4480 Evau-
