2888 5204
335 564 516 659 Contra
541 558 868 657 Alexandrum
893 564 1103 657 Morum.
1147 690 1152 697 Ι
1219 603 1299 686 399

141 732 298 815 summa
311 736 492 817 Ecclefiae
503 731 743 845 Senau'rsque
757 736 935 817 voluntas
951 733 1207 815 honorarium
1219 735 1296 819 hoc

142 848 269 927 Moro
289 848 563 929 testimonium
582 848 648 929 sua
668 847 802 957 sponte
828 847 1069 941 concesserit,
1089 875 1139 927 an
1158 848 1294 957 impu·

142 958 365 1039 dentiffima
384 957 557 1041 hominis
576 961 801 1070 postulatio,
817 956 912 1039 cum
932 959 1129 1040 accusatus
1147 962 1293 1067 gravis-

143 1070 335 1152 fimorum
365 1072 582 1153 criminum
616 1072 808 1181 nequisset
841 1071 879 1150 se
913 1072 1136 1167 defendere,
1165 1072 1213 1151 ab
1249 1075 1295 1155 iis

142 1181 336 1265 duntaxat
357 1183 559 1266 abstulerit
580 1186 650 1293 qui
679 1184 859 1265 Ecclefiae
879 1179 1161 1292 Pastonimque
1184 1211 1295 1265 com·

143 1296 260 1375 muni
283 1295 567 1378 existimationi
593 1324 801 1406 perperam
825 1314 1059 1389 metuentes,
1086 1297 1293 1377 amandare

143 1404 192 1485 ab
213 1406 251 1487 se
277 1406 485 1489 hominem
503 1437 665 1517 quoquo
691 1409 811 1489 modo
838 1407 1050 1501 malebant,
1071 1405 1192 1516 quim
1212 1407 1294 1489 haec

141 1517 308 1627 publico
319 1520 473 1626 judicio
484 1517 652 1601 severiirs
667 1520 857 1629 perquiri,
871 1547 943 1598 nec
959 1520 1034 1598 fine
1051 1519 1196 1599 offensa
1212 1520 1294 1600 for-

143 1630 245 1711 taffis
274 1631 540 1713 infirmiorum
573 1634 704 1742 palam
733 1632 885 1739 agitari.
944 1632 1042 1710 Non
1073 1631 1217 1726 dicam,
1253 1633 1293 1712 id

144 1742 253 1851 quod
281 1743 400 1823 multi
431 1762 562 1825 tamen
585 1745 724 1826 dicunt
748 1740 928 1851 mihique
951 1741 1200 1838 confirmant,
1221 1771 1293 1825 nec

144 1873 344 1935 conventu
364 1854 576 1965 frequenti,
596 1885 668 1937 nec
685 1856 798 1936 solito
820 1855 1077 1945 conveniendi
1103 1855 1168 1935 die
1188 1856 1294 1937 datas

144 1960 260 2047 hasce
277 1966 432 2049 literas:
461 1996 510 2049 ne
530 1969 570 2049 id
591 1969 756 2078 quidem
769 1968 901 2047 dicam
915 1966 1096 2047 scribenti
1112 1967 1293 2048 adstitisse

142 2074 340 2174 Morum;
371 2080 475 2161 unde
495 2080 594 2161 illud
614 2078 766 2161 fortasse
785 2078 1031 2173 tralatitium,
1051 2099 1091 2159 et
1109 2080 1294 2161 exambire

143 2214 195 2269 ex
206 2190 529 2299 elegantiisMori
542 2191 804 2273 selectioribus
818 2212 897 2271 tam
911 2192 950 2270 in
964 2212 1153 2300 promptu
1164 2211 1290 2288 erant;

143 2318 185 2381 et
201 2320 321 2411 rupto
339 2305 571 2385 concionante
586 2308 697 2385 Moro
703 2302 879 2410 substilia
887 2331 1108 2412 gemmaeque
1121 2303 1197 2384 illae
1213 2306 1293 2384 clo·

142 2412 316 2519 rrfflnas
344 2444 432 2523 quae
455 2418 590 2496 omnia
614 2417 735 2526 usque
760 2444 807 2496 eo
827 2415 890 2494 vel
912 2415 1174 2522 cupiditatem
1201 2415 1293 2497 scri-

142 2522 273 2607 bentis
299 2529 362 2607 vel
388 2528 587 2634 judicium
620 2557 698 2609 non
733 2555 850 2635 grave
882 2525 1112 2634 fignificant,
1141 2544 1186 2605 ut
1216 2555 1294 2606 non

142 2632 273 2719 sollun
293 2638 419 2720 nimio
444 2641 629 2721 laudandi
650 2640 779 2721 studio
797 2639 931 2719 laudes
951 2637 1048 2746 ipsas
1066 2638 1292 2747 corrupisse,

141 2748 254 2855 quod
268 2750 413 2831 vitium
432 2751 481 2831 ab
496 2780 544 2833 eo
565 2754 633 2860 qui
653 2754 773 2833 totius
795 2753 954 2831 nomine
974 2749 1154 2831 Ecclesrae
1173 2750 1293 2860 scrip-

141 2858 203 2955 fit,
223 2889 347 2968 quam
366 2863 541 2944 maxime
567 2864 690 2945 abesse
717 2864 869 2956 debuit,
889 2862 953 2942 sed
980 2863 1293 2970 indigniffimum

141 2998 280 3053 ornare
299 2975 398 3055 dum
424 2976 566 3069 studet,
586 3004 664 3057 non
692 2995 772 3056 tam
792 2976 928 3055 vivum
955 2975 1151 3069 decorare,
1172 2973 1293 3084 quam

141 3104 351 3165 mortuum
368 3106 409 3167 et
426 3108 633 3197 putentem
653 3089 731 3169 illis
750 3086 935 3168 odoribus
953 3086 1158 3169 differtum
1177 3086 1291 3167 fune-

144 3195 239 3277 raffe
257 3198 447 3281 videatur.
508 3201 606 3280 Non
628 3202 760 3281 dicam
784 3199 953 3306 denique
981 3198 1046 3277 illa
1070 3199 1231 3279 nomina
1250 3202 1292 3279 in

142 3327 339 3389 conventu
365 3310 577 3421 subscripta
604 3341 681 3392 non
708 3313 797 3405 esse,
823 3311 975 3390 circum
998 3310 1105 3389 vicos
1131 3310 1292 3390 cursaffe

144 3418 330 3515 Morum,
344 3442 384 3503 et
402 3424 573 3533 pastores
592 3422 702 3504 domi
722 3422 892 3530 fingulos
912 3420 1109 3514 adortum,
1123 3448 1203 3528 quo
1223 3421 1294 3501 fibi

145 3526 301 3613 facilius
320 3532 433 3615 hasce
459 3535 754 3643 subscriptiones
782 3550 1048 3644 expugnaret3
1081 3533 1293 3641 Propterea

144 3643 255 3749 quod
272 3665 382 3726 erant
400 3648 440 3726 in
466 3666 661 3728 conventu
688 3651 757 3755 qui
783 3646 1008 3737 reclamare,
1029 3645 1098 3752 qui
1124 3643 1292 3726 interce·

144 3753 252 3849 dere,
264 3759 335 3863 qui
352 3759 532 3840 obfistere
548 3786 627 3839 non
640 3759 877 3851 desinebant,
890 3758 959 3865 qui
974 3755 1051 3835 sese
1066 3784 1145 3836 non
1164 3757 1293 3837 audiri
1315 3762 1318 3766 ’

144 3868 316 3973 graviter
330 3872 534 3980 conquesti
548 3871 649 3950 sunt.
710 3869 830 3951 Nihil
845 3867 1159 3962 horumdicam;
1185 3868 1293 3976 quod

144 3979 325 4059 nonnulli
346 4000 477 4062 tamen
501 3984 652 4076 dicunt,
672 3983 793 4062 etiam
813 3983 883 4090 qui
908 3981 979 4062 illo
1008 3998 1186 4089 tempore
1207 3982 1292 4063 Ge-

145 4116 253 4171 nevae
278 4091 394 4174 rebus
420 4095 497 4174 illis
522 4094 707 4175 omnibus
733 4092 970 4185 interfuere3
1001 4092 1120 4173 multi
1139 4093 1224 4174 aliis
1251 4096 1293 4174 in

145 4200 243 4283 locis
261 4204 387 4285 Deom
406 4205 772 4315 lominrimquefidem
790 4205 1025 4313 implorantes
1043 4222 1155 4314 atque
1162 4204 1299 4311 jurati

142 4314 253 4396 nulla
272 4314 607 4422 seſsmultote,sed
619 4316 729 4425 officii
744 4316 933 4424 religione
952 4335 1190 4410 commotos,
1210 4314 1292 4397 haec

144 4426 300 4523 dicere3
331 4428 507 4537 adeoque
527 4430 605 4511 illis
624 4430 746 4509 literis
771 4428 892 4509 fidem
919 4428 955 4507 se
979 4427 1189 4535 adjungere
1214 4456 1293 4508 non

144 4538 277 4647 poffe3
318 4568 492 4649 quorum
531 4542 632 4621 inter
665 4543 815 4650 primos
850 4541 981 4621 virum
1014 4539 1293 4619 sandliffimum

143 4652 178 4731 F
180 4650 403 4733 redericum
417 4651 719 4763 Spanhemium,
731 4651 963 4759 Theologiae
981 4648 1232 4760 professorem
1253 4670 1295 4733 et

141 4766 340 4877 pastorem
366 4766 625 4847 reverendum
652 4764 764 4845 fuisle
791 4765 1000 4871 intelligo:
1046 4762 1141 4843 Hoc
1168 4758 1296 4843 solirm
