2888 5204
484 553 867 694 Responfi0‚etC.
1179 599 1258 682 ²33

124 733 389 846 independenter
407 732 567 840 Jesuitis
579 733 722 815 similes
734 734 809 815 esse
820 736 890 829 ais,
904 735 983 842 Qui
999 737 1135 842 Regem
1151 733 1262 815 abro-

124 847 416 957 seirunt,statnm
433 847 820 957 Reipubmutesrnnt,
837 865 874 926 et
887 867 1010 928 tamen
1017 846 1264 956 prafefflsunt

124 958 379 1071 rnnquamſsbi
394 959 433 1039 in
451 958 693 1070 animofuiffi
711 958 948 1066 lraecfacere.
1001 961 1111 1069 Qid
1129 960 1177 1039 ad
1194 987 1263 1040 nos

124 1072 276 1153 esuitae?
335 1070 461 1185 Qafi
487 1071 581 1152 verb
604 1071 820 1212 prudentiae
847 1099 925 1152 non
952 1071 1060 1166 esset,
1085 1100 1165 1151 non
1192 1073 1263 1175 Je-

124 1183 285 1278 bitismi,
302 1184 516 1295 posteriora
535 1184 630 1292 saepe
644 1184 818 1264 Confilia
837 1182 1034 1293 prioribus
1053 1182 1262 1278 anteferre,

124 1297 301 1407 'squidem
321 1298 486 1378 meliora
505 1295 580 1376 effe
595 1293 851 1405 postmodbm
867 1297 1064 1376 didiceris.
1126 1295 1263 1377 Primb

124 1409 220 1492 robis
238 1411 397 1518 prodire
417 1428 530 1489 tenus
549 1408 655 1488 aliud
675 1407 803 1486 visum
822 1407 892 1501 est,
919 1410 1046 1488 immo
1069 1436 1262 1517 magnum

124 1549 189 1603 arn
209 1523 259 1602 ad
284 1521 464 1601 Ecclefiae
483 1518 605 1630 quim
626 1519 801 1630 Reipub.
830 1521 1139 1615 restitutionem
1168 1549 1261 1600 cum

124 1634 236 1714 lDeo
258 1634 360 1713 ultra
378 1634 463 1713 dari
482 1633 725 1726 sentiremus,
746 1660 795 1712 an
815 1632 896 1738 ejus
917 1661 987 1713 nos
1006 1633 1261 1742 praesentiam‚

124 1763 150 1825 rt
167 1747 454 1856 providentiam
474 1744 521 1824 ad
543 1743 644 1824 saeba
664 1763 746 1824 tam
764 1745 923 1852 egregia
945 1764 1184 1855 praeeuntem
1203 1745 1262 1824 as-

124 1885 380 1966 pernaremur,
392 1875 460 1938 aut
474 1856 582 1965 sequi
595 1857 803 1950 nollemus,
821 1885 870 1935 ne
885 1857 1103 1967 progressus
1115 1857 1262 1937 nostros

124 1965 242 2052 felices
261 1990 302 2051 et
327 1967 442 2080 plane
461 1970 698 2078 inopinatos,
719 1966 840 2049 hostis
859 1987 899 2049 et
920 1971 1074 2050 invidus
1095 1970 1264 2049 levitatis

125 2083 431 2164 etinconstantiae
454 2083 616 2161 nomine
640 2081 944 2191 perstringeret?
1004 2081 1110 2191 Saepb
1133 2083 1264 2190 arguis

128 2195 216 2300 quod
237 2196 532 2276 Parlamentum
549 2223 622 2304 pro
637 2193 871 2304 corporesola
891 2195 969 2273 fine
989 2197 1117 2303 capite
1133 2195 1263 2274 suma-

130 2328 213 2387 mus.
271 2303 426 2387 Verbm
441 2308 468 2387 fi
484 2303 731 2415 metaphoras
748 2334 930 2386 amovere
950 2306 1101 2398 malles,
1119 2303 1261 2386 restibs

131 2418 300 2500 untinuo
331 2418 495 2529 saperes,
522 2417 712 2527 sciresque
745 2419 1039 2498 Parlamentum
1069 2417 1261 2523 ejusmodi

132 2550 250 2640 corpus
267 2532 357 2625 effe,
377 2532 442 2611 cui
461 2549 580 2640 caput
598 2530 759 2638 adjungi
774 2558 852 2609 non
870 2531 915 2610 fit
931 2529 1102 2624 neceffe3
1133 2557 1262 2638 neque

135 2643 220 2724 enim
238 2643 302 2725 vel
326 2663 445 2753 caput
463 2644 526 2723 vel
545 2643 682 2737 cauda,
704 2642 766 2723 sed
785 2672 1000 2723 commune
1026 2671 1071 2723 ac
1091 2640 1263 2722 liberum

135 2758 239 2852 gentis
253 2756 483 2837 Concilium
502 2754 610 2850 facit,
625 2774 669 2834 ut
683 2757 978 2837 Parlamentum
999 2756 1044 2836 srt
1062 2773 1180 2864 atque
1200 2755 1261 2834 di-

136 2882 235 2947 utut.
297 2869 359 2962 Vi,
378 2869 523 2977 inquis,
544 2868 639 2947 hanc
658 2867 849 2975 infamiam
868 2886 905 2947 et
924 2868 1144 2947 calumniam
1163 2865 1268 2976 apud

136 2995 261 3060 emmas
284 2980 467 3062 Nationes
497 2979 597 3060 nobis
626 2978 861 3061 exulantibus
891 3008 1090 3072 amoveam,
1119 2979 1266 3059 scilicet

136 3106 253 3172 eorum
267 3120 318 3172 ex
333 3120 499 3173 numero
517 3120 595 3172 non
612 3091 685 3172 effe
701 3094 770 3200 qui
786 3091 941 3171 causam
960 3093 1131 3200 Regiam
1145 3090 1265 3171 latine

136 3191 227 3285 sciret
255 3203 481 3298 defendere,
493 3206 578 3284 huic
606 3201 751 3285 rabula
780 3203 980 3314 respondeo.
1042 3205 1265 3312 Egregium

136 3302 203 3395 sani
228 3316 516 3426 responsorem!
575 3317 693 3395 Tune
720 3316 814 3396 verb
838 3314 1014 3423 lucifuga
1042 3315 1266 3396 verberabi-

135 3415 254 3509 liffime
273 3457 351 3538 prae
373 3430 518 3509 caeteris
538 3427 699 3519 elesius,
712 3430 782 3537 qui
798 3455 867 3508 nos
882 3457 932 3507 ex
948 3426 1105 3508 latebris
1125 3455 1266 3536 aggre-

134 3529 263 3636 desere,
276 3561 318 3620 et
329 3568 401 3650 pro
418 3541 494 3620 tuis
508 3540 693 3620 omnibus
707 3569 808 3620 unus
821 3540 1095 3649 responderes?
1154 3541 1266 3619 Doc-

134 3659 205 3733 tum
214 3653 476 3762 proculdubio
488 3679 667 3760 gregem,
680 3653 861 3760 praeclara
876 3653 1034 3760 ingenia
1049 3651 1195 3730 necesse
1211 3651 1267 3731 est

130 3761 204 3861 ese,
217 3792 390 3874 quorum
408 3784 450 3845 tu
468 3767 608 3845 dusios
620 3791 676 3858 es,
691 3782 772 3844 tam
788 3764 944 3872 grandis
959 3792 1037 3843 non
1049 3764 1266 3843 Arcadicus

128 3898 183 3956 aut
204 3880 409 3971 Reatinus,
433 3876 497 3956 sed
517 3876 678 3956 soloecus
698 3877 854 3957 Afinus.
914 3875 1054 3956 Latine
1079 3895 1120 3956 tu
1141 3894 1186 3956 ut
1206 3905 1267 3957 re·

125 3983 335 4096 sponderes,
349 3988 458 4094 cujus
477 3987 723 4068 barbarismis
743 4007 782 4069 et
802 3988 1024 4069 soloecismis
1044 4017 1180 4069 omnes
1197 4018 1267 4097 pa-

124 4102 230 4206 ginae,
250 4121 295 4183 ut
351 4103 501 4182 riorum
525 4103 717 4211 capitum,
742 4100 792 4180 fic
816 4097 932 4206 hujus
959 4101 1092 4181 ultimi
1119 4099 1269 4182 refertae

124 4210 230 4294 sunt?
325 4244 384 4293 am
414 4214 534 4322 castus
560 4233 604 4294 ut
633 4214 831 4322 exemplum
856 4212 1037 4321 praebuit.
1099 4211 1158 4294 Tu
1187 4214 1268 4294 haec

124 4326 278 4434 refricas
297 4344 341 4405 ut
360 4327 461 4433 Regi
476 4325 693 4424 conuitium.
752 4328 798 4404 A
801 4324 967 4432 famulis
985 4326 1134 4406 rimari.
1184 4326 1273 4432 Nifi

124 4438 336 4519 srrlcnntur.
379 4435 506 4518 Tanta
520 4437 692 4544 caligine,
714 4455 756 4516 ut
764 4435 952 4546 justitiam
971 4439 1092 4546 causa
1110 4437 1268 4517 metiun-

124 4569 195 4631 eur.
237 4552 302 4631 Ne
311 4549 496 4657 millestma
502 4567 600 4659 pars
607 4549 825 4658 petitionum
840 4548 894 4630 ad
901 4579 980 4631 eum
996 4550 1266 4659 desererentur.

124 4662 238 4743 rotie
260 4679 470 4771 purgatum
501 4679 545 4741 ut
571 4662 631 4742 nil
642 4680 791 4771 prater
815 4691 938 4743 nomen
969 4691 1115 4743 manere
1136 4661 1266 4770 potest.

124 4770 240 4856 Tanto
253 4775 420 4856 acumine
439 4792 482 4856 ut
500 4775 661 4856 maxima
674 4792 770 4883 pars
782 4776 912 4857 mundi
925 4775 1116 4856 mirantur
1128 4803 1174 4855 ac
1180 4772 1268 4883 stn-
