2888 5204
252 583 300 667 18
519 573 611 667 Pro
637 565 823 704 Populo
849 564 1118 701 Anglicano

251 749 370 828 minis
390 775 502 827 reum
523 747 564 826 in
577 746 729 853 judicio
749 746 891 841 fistere,
912 746 971 826 sui
989 742 1229 850 defendendi
1245 740 1399 853 copiam

251 859 394 954 facere,
414 861 502 968 lege
531 859 839 939 condemnatum
868 860 916 938 ad
937 876 1109 938 mortem
1128 855 1236 936 haud
1255 856 1398 935 imme-

253 974 369 1052 ritam
399 973 556 1065 ducere,
578 972 631 1051 ita
659 990 704 1051 ut
732 970 917 1051 damnato
936 971 1000 1049 vel
1027 968 1260 1080 poenitendi,
1283 967 1349 1046 vel
1367 967 1400 1046 se

253 1084 467 1193 colligendi
487 1084 656 1192 spatium
685 1082 813 1177 detur,
842 1079 962 1191 quim
982 1082 1111 1162 statim
1126 1099 1173 1161 ut
1191 1076 1400 1190 prehensus

254 1195 324 1290 est,
345 1196 490 1276 indicta
509 1194 619 1276 causa
639 1195 800 1304 pecudis
820 1196 860 1273 in
877 1194 1042 1275 modum
1057 1193 1255 1273 mactare?
1286 1196 1400 1382 Quo-

256 1307 480 1416 tusquisque
508 1308 563 1387 est
594 1335 752 1386 reorum
783 1307 916 1415 qui,s1
944 1308 1055 1415 optio
1083 1305 1211 1398 detur,
1235 1305 1348 1382 noni
1378 1331 1401 1380 o

254 1417 387 1528 potibs
415 1416 536 1526 quiam
565 1415 643 1498 hoc
671 1419 792 1498 modo
821 1419 952 1527 puniri
980 1418 1018 1497 se
1045 1416 1253 1497 maluerit?
1302 1420 1401 1526 Qae

254 1533 354 1611 ratio
383 1533 505 1639 igitur
526 1530 862 1611 animadvertendi
883 1533 921 1609 in
941 1531 1071 1610 civem
1091 1527 1331 1607 moderatior
1349 1526 1403 1605 est

255 1640 402 1737 habita,
423 1671 493 1723 cur
512 1670 590 1722 non
610 1643 748 1722 eadem
769 1643 809 1721 in
829 1669 964 1750 regem
980 1669 1138 1751 quoque
1151 1639 1401 1732 moderatior,

255 1772 295 1833 et
314 1754 377 1834 vel
396 1756 467 1864 ipsa
487 1757 571 1862 regi
590 1756 787 1862 acceptior
805 1752 916 1833 fuisse
937 1753 1193 1834 existimanda
1207 1751 1277 1830 est.
1336 1751 1402 1829 Tu

255 1865 417 1960 secret0,
446 1887 486 1946 et
520 1867 597 1946 fine
627 1867 781 1947 arbitris
811 1868 1032 1946 extinctum
1062 1892 1198 1973 regem
1218 1861 1402 1955 malebas,

255 1979 319 2056 vel
346 1998 390 2058 ut
409 1979 585 2087 exempli
605 1997 686 2058 tam
706 1978 802 2056 boni
821 1977 1043 2058 salubritate
1063 1978 1191 2058 omnis
1211 1974 1403 2056 memoria

255 2110 416 2182 careret,
436 2092 499 2169 vel
518 2109 562 2169 ut
581 2089 675 2170 facti
696 2108 776 2170 tam
797 2091 970 2198 praeclari
980 2089 1215 2170 conscientia
1229 2084 1402 2193 defugis-

256 2200 293 2279 se
324 2201 471 2295 lucem,
500 2224 568 2281 aut
593 2203 699 2308 leges
726 2221 844 2309 atque
876 2201 999 2312 ipsam
1023 2202 1217 2308 justitiam
1237 2196 1403 2278 minime

256 2312 327 2392 fibi
354 2315 523 2393 amicam
546 2311 719 2393 habuisse
738 2316 950 2394 videretur.
1009 2317 1235 2420 Exaggeras
1262 2308 1404 2389 deinde

257 2453 358 2521 rem,
380 2424 487 2535 qubd
515 2453 643 2534 neque
670 2455 740 2534 per
766 2426 985 2506 tumultum
1009 2444 1077 2506 aut
1099 2424 1312 2505 factionem
1332 2449 1404 2530 op-

258 2536 473 2631 timatium,
498 2556 565 2616 aut
585 2537 793 2617 rebellium
817 2536 1007 2632 furorem,
1031 2538 1106 2617 five
1129 2536 1307 2615 militum
1330 2534 1404 2613 five

259 2648 413 2756 populi3
441 2676 519 2728 non
539 2648 645 2742 odio,
667 2677 744 2728 non
765 2669 891 2741 metu,
911 2677 990 2729 non
1012 2645 1150 2757 studio}
1161 2645 1404 2738 dominandi,

260 2785 338 2837 non
367 2787 476 2839 coeco
502 2761 625 2839 animi
645 2762 813 2869 impetu,
833 2760 897 2840 sed
916 2761 1077 2841 consilio
1096 2778 1136 2838 et
1153 2760 1303 2839 ratione
1322 2784 1406 2837 me·

261 2870 430 2949 ditatum
458 2871 526 2951 diu
547 2870 698 2951 facinus
724 2874 961 2980 peregerint.
1023 2876 1061 2952 Ο
1083 2869 1225 2951 meritb
1243 2871 1406 2979 quidem

262 3001 300 3060 te
320 3010 370 3060 ex
383 2982 656 3087 jurisconsulto
677 2984 1011 3065 Grammaticum!
1036 2986 1106 3094 qui
1125 2985 1173 3063 ab
1193 2981 1407 3063 accidenti·

261 3094 332 3172 bus
361 3094 493 3190 causae,
524 3115 568 3175 ut
597 3096 827 3203 loquuntur,
854 3125 940 3205 quae
969 3125 1039 3206 per
1068 3097 1104 3176 se
1133 3094 1234 3175 nihil
1262 3094 1408 3186 valent,-

261 3206 566 3315 vituperationes
595 3208 778 3301 instituis,
798 3236 893 3287 cum
913 3209 1091 3288 nondum
1110 3207 1289 3288 docueris
1311 3202 1408 3284 illud

263 3315 412 3398 facinus
432 3319 472 3397 in
492 3319 590 3399 vitio
609 3347 656 3398 an
677 3321 717 3398 in
737 3320 852 3399 laude
871 3320 1099 3428 ponendum
1113 3320 1183 3399 sati
1210 3321 1305 3425 Jam
1320 3317 1409 3398 vide

264 3425 385 3536 quim
411 3430 450 3508 in
477 3448 514 3508 te
535 3429 649 3510 facile
669 3432 880 3510 incurram.
940 3434 981 3511 Si
1000 3430 1213 3540 pulchrum
1231 3448 1272 3509 et
1291 3430 1410 3509 deco·

265 3568 355 3621 rum
384 3540 475 3636 fuit,
506 3541 553 3621 eb
583 3544 709 3650 magis
737 3542 921 3622 laudandi
945 3544 1052 3651 quod
1072 3543 1188 3622 nullis
1207 3539 1412 3621 affedtibua

264 3655 461 3762 occupati,
481 3654 597 3735 solius
617 3652 826 3735 honestatis
846 3653 958 3734 cauli
977 3654 1163 3748 fecerint;
1195 3653 1222 3732 fi
1242 3654 1411 3734 arduum

265 3783 305 3843 et
334 3793 464 3872 grave,
485 3765 591 3872 qubd
611 3794 690 3846 non
710 3794 819 3846 coeco
839 3767 1008 3875 impetu,
1027 3766 1090 3846 sed
1110 3765 1270 3845 consilio
1290 3784 1332 3846 et
1350 3791 1412 3843 ra·

266 3876 388 3955 tione.
448 3880 689 3988 Qanquam
718 3906 793 3985 ego
823 3876 905 3958 haec
925 3879 1058 3959 divino
1078 3875 1208 3987 potius
1228 3877 1411 3957 instinciu

264 3986 719 4094 gestaeslecrediderim;
742 3992 896 4097 quoties
909 3990 1100 4069 memorial
1112 4008 1269 4097 repeto;
1291 3983 1412 4098 quim

158 4191 170 4200 ,
266 4099 468 4207 inopinato
497 4101 722 4181 animorum
750 4102 901 4195 ardore,
921 4119 1067 4210 quanto
1094 4100 1279 4181 consensu
1308 4119 1413 4180 totus

266 4210 473 4305 exercitus,
493 4213 560 4292 cui
589 4240 731 4321 magna
759 4241 847 4323 pars
876 4213 1016 4323 populi
1035 4211 1071 4291 se
1101 4213 1343 4318 adjunxerat,
1364 4211 1413 4291 ab

266 4322 450 4402 omnibus
470 4324 569 4433 pene
586 4327 697 4431 regni
714 4327 923 4433 provinciis
937 4327 1016 4405 und
1027 4353 1123 4404 voce
1136 4352 1272 4433 regem
1283 4324 1414 4434 ipsum

266 4433 426 4514 suorum
454 4439 637 4515 omnium
663 4436 859 4517 malorum
878 4434 1086 4517 authorem
1107 4439 1154 4517 ad
1175 4436 1414 4545 supplicium

266 4545 509 4654 deposcebat.
571 4548 777 4660 Qicquid
807 4568 903 4642 erat,
932 4550 1007 4629 sive
1037 4550 1311 4658 magistratum
1339 4547 1415 4627 five

265 4658 462 4768 populum
497 4659 657 4768 spectes,
692 4660 792 4739 nulli
828 4688 1004 4767 unquam
1030 4661 1240 4742 excelsiore
1265 4662 1415 4754 animo,

266 4789 320 4863 et,
350 4771 457 4879 quod
496 4772 616 4851 etiam
650 4771 854 4852 adversarii
885 4770 1071 4868 fatentur,
1101 4772 1304 4867 sedatiore,
1333 4792 1417 4854 tam
