2888 5204
237 626 294 711 74
512 593 606 688 Pro
630 586 821 724 Populo¹
841 584 1111 721 Anglica-no

235 765 323 847 telis
342 766 516 847 concisus
526 767 645 873 jacet.
687 768 752 847 Sic
767 766 876 847 enirn
888 764 1012 847 homo
1027 764 1097 858 est,
1114 760 1237 843 modb
1249 788 1385 842 manus

235 878 440 959 adversarii
461 907 509 958 ne
529 881 638 975 defit,
660 879 739 988 ipse
761 880 801 958 in
821 879 858 959 se
875 879 952 959 tela
971 877 1125 959 abunde
1141 875 1383 986 suppeditat:

236 1018 309 1070 nec
324 990 533 1099 quisquam
544 993 592 1072 ad
609 990 860 1072 refutandum
873 991 926 1086 se,
940 1010 1008 1071 aut
1020 989 1267 1070 irridendum
1278 1013 1387 1068 com-

236 1103 433 1183 modiores
452 1103 559 1183 ansas
586 1104 793 1184 ministrat.
852 1103 1034 1183 Defessus
1057 1102 1181 1182 etiam
1206 1100 1388 1181 caedendo

236 1212 353 1295 citius
373 1215 461 1323 quis
481 1215 673 1309 abscedat,
694 1212 815 1325 quim
837 1212 903 1295 hic
925 1236 1033 1323 terga
1053 1213 1276 1325 praebendo.

699 1503 825 1581 CAP.
857 1502 931 1582 IV.

254 1718 270 1736 ἦ
339 1709 354 1737 ,,
426 1650 611 1758 ⁴Agnam
631 1649 652 1730 d
672 1651 828 1759 regibus
848 1651 972 1732 iniisse
993 1670 1030 1731 te
1049 1652 1232 1760 gratiam,
1253 1680 1389 1733 omnes

326 1752 400 1873 ,ier
423 1751 433 1841 l
479 1764 676 1873 principes
690 1783 730 1843 et
749 1783 941 1844 terrarum
959 1764 1140 1844 dominos
1159 1764 1390 1846 demeruisse

340 1883 341 1889 ’
391 1881 400 1911 ¹
479 1874 700 1956 desenfione
714 1873 788 1956 hac
800 1878 907 1984 regid
919 1895 956 1956 te
969 1874 1204 1987 fortbputas,
1214 1876 1388 1971 Salmafi,

352 2010 357 2016 ·
411 2000 431 2031 ·'
480 1983 574 2067 clun
586 1989 815 2082 illi,fibona
828 1988 907 2082 sua,
921 2016 1083 2097 remque
1099 1987 1207 2069 suam
1223 2017 1275 2069 ex
1287 1990 1389 2068 veri·

240 2121 317 2181 tate
343 2096 473 2208 potius
492 2096 612 2206 quim
631 2127 682 2178 ex
707 2099 995 2182 adulationibus
1022 2101 1098 2181 tuis
1118 2101 1266 2181 vellent
1290 2100 1389 2180 aesti-

240 2241 362 2306 mare,
390 2212 593 2291 nerninem
621 2231 658 2292 te
686 2211 796 2321 pejus
819 2212 954 2307 odisse,
982 2214 1185 2293 neminem
1204 2209 1227 2292 ὲ
1245 2212 1283 2293 se
1303 2212 1389 2292 lon·

239 2327 327 2434 gius
341 2324 496 2431 abigere
509 2342 626 2431 atque
638 2351 767 2404 arcere
779 2325 959 2405 debeant.
990 2327 1106 2405 Dum
1117 2326 1226 2405 enim
1239 2327 1390 2434 regiam

238 2435 470 2547 potestatem
482 2435 594 2545 supra
607 2435 712 2542 leges
725 2437 765 2515 in
777 2436 1014 2516 immensum
1025 2437 1390 2531 extollis,admones

239 2551 378 2629 eidem
405 2547 524 2658 operd
548 2575 684 2628 omnes
708 2548 789 2629 ferd
819 2549 985 2658 populos
1004 2548 1197 2630 servitutis
1215 2548 1291 2630 suae
1317 2577 1388 2630 nec

240 2663 433 2769 opinatae3
465 2687 591 2766 eoque
610 2658 883 2741 vehementius
907 2663 964 2741 im
993 2660 1079 2741 ellis
1108 2681 1153 2741 ut
1182 2680 1388 2742 veternum

240 2774 371 2866 illum,
392 2799 472 2878 quo
488 2770 525 2851 se
537 2771 610 2851 esse
624 2772 765 2854 liberos
779 2774 944 2854 inaniter
958 2691 1215 2867 sdmniabant,
1229 2795 1388 2883 repente

239 2885 463 2978 excutiant;
494 2884 636 2963 moniti
649 2884 715 2964 abs
729 2905 766 2964 te
780 2885 886 2993 quod
903 2912 980 2965 non
993 2884 1197 2993 putabant,
1213 2884 1343 2967 servos
1354 2885 1389 2965 se

240 2998 315 3077 esse
329 3024 482 3104 regum.
507 2997 646 3104 quue
659 2992 790 3076 minus
804 2996 1050 3077 tolerandum
1064 2996 1133 3075 fibi
1145 2997 1219 3077 esse
1232 2999 1390 3107 regium

240 3110 455 3218 imperium
475 3107 768 3202 existimabunt,
789 3108 870 3217 qub
890 3110 1016 3215 magis
1038 3127 1080 3187 tu
1100 3109 1147 3190 iis
1166 3108 1390 3219 persuasum

240 3220 452 3300 reddideris
465 3239 547 3298 tam
563 3218 757 3299 infinitam
773 3221 1004 3329 potestatem
1020 3248 1099 3300 non
1116 3220 1182 3301 sus
1199 3222 1390 3330 patientis

240 3332 413 3425 crevisse,
426 3330 489 3410 sed
509 3330 557 3409 ab
574 3331 687 3410 initio
704 3333 824 3411 talem
836 3353 952 3440 atque
969 3351 1117 3412 tantam
1132 3333 1214 3443 ipso
1222 3332 1315 3438 jure
1329 3363 1390 3415 re·

241 3444 308 3550 gio
323 3462 455 3522 natam
474 3442 600 3522 fuiffe.
655 3444 714 3523 Ita
730 3464 767 3523 te
785 3463 972 3553 tuamque
986 3442 1088 3523 hanc
1105 3443 1388 3540 desenfionem,

241 3557 316 3636 five
337 3555 487 3665 populo
503 3553 743 3664 persuaseris,
761 3557 836 3636 five
853 3584 930 3636 non
951 3555 1191 3672 persuaseris,
1203 3558 1390 3639 omnibus

240 3667 401 3777 posthac
421 3667 578 3776 regibus
598 3665 805 3762 funestam,
825 3667 1042 3762 exitialem,
1062 3687 1102 3747 et
1125 3667 1390 3751 execrabilem

240 3778 324 3859 sore
341 3780 487 3859 necesse
501 3778 588 3857 erit.
649 3778 690 3856 Si
700 3781 809 3860 enim
824 3781 974 3888 populo
986 3778 1226 3888 persuaseris,
1240 3782 1309 3888 jus
1329 3810 1389 3862 re-

240 3893 354 3999 gium
369 3892 618 4000 omnipotens
635 3888 725 3984 elle,
742 3918 909 3999 regnum
925 3891 1094 4001 amplius
1112 3919 1189 3972 non
1206 3890 1331 3990 seret;
1362 3893 1388 3973 fi

241 4029 319 4081 non
340 4001 580 4111 persuaseris,
605 4029 683 4080 non
703 4001 802 4083 seret
822 4030 946 4110 reges,
973 4004 1288 4085 dominationem
1308 4023 1390 4085 tam

240 4114 421 4219 injustam
436 4142 508 4223 pro
522 4113 609 4219 jure
626 4112 863 4224 usurpantes.
924 4114 1038 4195 Mefi
1056 4116 1229 4211 audiant,
1244 4116 1389 4225 quibus

240 4226 440 4333 integrum
456 4223 532 4304 hoc
552 4224 621 4318 est,
642 4223 757 4333 seque
777 4225 1043 4306 circumscribi
1061 4226 1214 4335 legibus
1235 4230 1389 4340 patian-

240 4356 318 4430 tur,
343 4366 414 4446 pro
443 4336 607 4430 incerto,
640 4337 854 4432 imbecillo,
875 4338 1049 4418 violento
1079 4340 1250 4451 imperio
1280 4341 1391 4449 quod

238 4476 343 4529 nunc
363 4447 523 4542 habent,
548 4477 732 4528 curarum
758 4468 875 4559 atque
896 4449 1159 4531 formidinum
1182 4452 1303 4561 pleno
1324 4451 1390 4533 fir·

237 4560 469 4654 misfimum,
490 4559 776 4670 pacatiffimum
792 4590 837 4642 ac
852 4562 1086 4641 diuturnum
1101 4563 1171 4643 fibi
1186 4562 1391 4647 conserva·

237 4674 349 4756 bunt.
410 4673 629 4753 Confilium
641 4670 717 4753 hoc
731 4673 815 4768 fibi,
828 4673 977 4781 suisque
991 4675 1122 4782 regnis
1141 4673 1240 4756 adeb
1255 4673 1391 4759 saluti-

238 4787 368 4867 ferum
384 4784 411 4866 fi
428 4804 588 4897 propter
607 4782 813 4886 authorem
833 4784 1152 4897 contempserint,
1169 4786 1293 4871 sciant
1309 4816 1392 4871 non
