2888 5204
346 584 524 678 Contra
550 573 874 680 Alexandrum
900 580 1109 681 Morum.
1228 597 1305 705 385
1347 632 1352 641 ·

152 786 232 867 ego
251 759 449 855 scortator,
468 780 522 839 ¹ut
546 761 651 841 fama
675 764 879 857 mentitur,
905 791 999 871 ergo
1019 762 1193 856 adulter3
1226 761 1307 841 haec

153 874 265 953 enim
294 873 335 952 in
363 891 401 953 te
428 873 594 953 crimina
619 875 795 955 insector.
858 876 937 954 Fac
970 873 1055 954 sane
1085 874 1305 983 periculum

154 982 295 1080 samae3
324 1012 412 1092 age,
433 985 628 1080 infimula,
649 987 727 1079 dic,
757 987 880 1094 fiquid
905 985 1037 1081 habes,
1061 987 1241 1066 audacter
1267 1003 1307 1064 et

151 1095 282 1190 clare;
307 1115 477 1206 tempus,
499 1098 648 1195 locum,
669 1100 830 1178 nomina
850 1099 964 1178 fimul
983 1099 1077 1193 ede;
1103 1099 1209 1206 quod
1229 1124 1306 1205 ego

153 1207 195 1287 in
212 1228 251 1289 te
268 1206 394 1288 facio:
426 1210 508 1289 Dic
527 1237 621 1290 cum
640 1239 718 1319 qua
740 1210 907 1289 Claudia
928 1211 1106 1304 Pelletta,
1127 1211 1191 1290 dic
1210 1237 1305 1288 cum

151 1346 232 1427 qua
254 1321 407 1415 Pontia,
427 1321 492 1400 dic
512 1322 620 1429 fiquo
641 1324 680 1400 in
701 1318 829 1414 horto,
848 1321 953 1430 srqua
973 1324 1013 1401 in
1033 1322 1168 1417 domo,
1185 1324 1301 1400 nonu

151 1458 201 1511 an
216 1432 403 1526 interdiu,
414 1433 549 1543 fiquod
562 1435 602 1511 in
612 1434 810 1539 judicium
823 1436 1010 1514 adductus
1024 1462 1201 1542 unquam
1217 1434 1303 1526 fim,

148 1542 287 1652 siquod
302 1571 478 1654 unquam
494 1545 776 1625 recusaverim:
798 1543 880 1625 haec
897 1547 968 1626 tibi
985 1549 1119 1626 omnia
1138 1544 1302 1624 dicenda

148 1654 253 1749 sunt,
281 1651 363 1735 haec
386 1684 462 1764 ego
485 1658 526 1736 in
554 1676 592 1736 te
623 1660 757 1737 omnia
788 1658 1062 1738 demonstravi.
1123 1658 1302 1735 Invenies

150 1765 332 1874 profesto
351 1796 416 1847 me
443 1768 489 1847 ad
511 1769 669 1874 injurias
689 1797 795 1848 meas
824 1766 966 1877 tuaique
986 1769 1152 1847 crimina
1172 1767 1300 1875 perse-

148 1879 306 1985 quenda
325 1880 491 1960 attulisse
511 1878 613 1960 hanc
633 1881 787 1960 dicendi
809 1881 1042 1974 libertatem,
1063 1899 1103 1960 et
1121 1883 1303 1959 anteattae

148 1989 239 2070 vitae
265 2019 362 2070 meae
390 1993 646 2073 certislimum
680 1993 872 2072 indicium
907 2012 1025 2101 atque
1049 1991 1237 2084 frustum,
1262 2011 1302 2070 et

148 2103 309 2208 agendae
324 2103 484 2212 posthac
499 2105 764 2184 firmiffimum
781 2106 1036 2214 propofitum.
1079 2106 1301 2211 Nunquam
1370 2170 1373 2177 .

147 2240 216 2292 me
236 2214 425 2296 libertatis
439 2213 554 2321 hujus
566 2218 755 2325 poenitere
771 2217 917 2310 audies,
939 2236 983 2296 ut
996 2218 1169 2295 Lucium
1185 2214 1299 2294 Cras-

148 2323 237 2405 sum
256 2327 478 2436 poenituisle
497 2329 594 2408 olim
615 2328 761 2421 ferunt,
782 2327 889 2437 qubd
911 2330 1055 2407 Caium
1073 2327 1298 2406 Carbonem

148 2463 326 2546 unquam
354 2440 395 2517 in
412 2441 611 2547 judicium
631 2440 860 2534 vocavisset3
892 2437 986 2519 clam
1010 2438 1084 2518 hac
1108 2439 1172 2520 sua
1192 2438 1297 2517 seve·
1410 2486 1413 2493 ·

146 2548 264 2629 ritate
284 2550 480 2660 praecisam
500 2553 570 2631 fibi
589 2571 658 2632 aut
676 2551 1012 2661 circumscriptam
1038 2552 1078 2629 in
1098 2551 1297 2660 posterum

147 2660 311 2743 liberius
329 2664 487 2743 vivendi
507 2666 663 2743 veniam
679 2664 784 2773 apud
800 2692 935 2744 omnes
956 2663 1217 2743 arbitraretur.
1259 2662 1298 2741 Is

148 2772 298 2859 Caium
320 2774 543 2855 Carbonem
561 2778 691 2881 civem
709 2776 937 2884 improbum
957 2776 998 2854 in
1012 2775 1211 2881 judicium
1228 2775 1297 2852 Se-

146 2882 264 2965 natus
293 2886 509 2995 populique
537 2889 658 2969 Rom.
690 2890 867 2967 vocavit:
899 2916 974 2995 ego
1011 2907 1062 2980 te,
1091 2887 1226 2980 More,
1259 2905 1299 2966 et

146 3023 242 3076 meo
260 3015 300 3077 et
314 3026 409 3107 pop.
423 2999 637 3106 Anglicani
658 3002 832 3091 nomine,
847 3028 968 3108 quem
985 3018 1027 3079 tu
1048 2997 1189 3078 infami
1203 2999 1297 3077 Cla-

146 3134 260 3188 more
276 3109 381 3189 edito
402 3112 509 3218 prior
528 3111 718 3205 lacessisti,
739 3113 808 3191 illo
825 3113 1005 3190 Carbone
1026 3109 1153 3189 multb
1172 3113 1297 3218 nigri-

143 3220 422 3326 orem,judicia
435 3224 558 3330 patria
570 3223 1294 3315 detrectantemsaeculorumomnium

138 3330 302 3437 judiciis
325 3334 447 3415 trado,
509 3336 622 3447 Qid
649 3336 707 3414 tui
734 3336 894 3415 interim
920 3332 1145 3441 famigeruli
1166 3335 1214 3412 de
1231 3362 1296 3411 me

144 3444 347 3525 muffitent
365 3464 432 3524 aut
455 3445 677 3554 loquantur,
706 3446 821 3526 unice
845 3447 1010 3524 securus.
1065 3446 1131 3524 Tu
1156 3444 1293 3524 senties

143 3583 234 3635 eam
253 3556 328 3638 esse
344 3559 432 3636 vitae
447 3585 544 3637 meae
559 3578 598 3637 et
618 3559 723 3666 apud
743 3588 807 3637 me
823 3557 1113 3649 conscientiam,
1131 3575 1170 3634 et
1189 3557 1294 3664 apud

141 3665 266 3747 bonos
280 3670 624 3763 existimationem,
641 3698 729 3749 eam
746 3670 819 3751 esse
835 3689 875 3749 et
890 3670 1089 3777 praeteritae
1109 3667 1294 3747 fiduciam

143 3798 184 3859 et
214 3779 375 3889 reliquae
400 3780 509 3889 spem
527 3781 688 3876 bonam,
716 3801 762 3862 ut
790 3780 890 3860 nihil
915 3780 1108 3889 impedire
1137 3808 1200 3859 me
1228 3799 1294 3858 aut

144 3889 356 3971 absterrere
375 3893 504 4000 poffit,
525 3922 604 4001 quo
624 3895 755 3974 minus
775 3892 922 4000 flagitia
943 3912 1022 3987 tua,
1044 3893 1070 3972 fi
1088 3893 1218 4001 pergis
1237 3892 1294 3971 la-

143 4000 301 4098 cessere,
314 4004 434 4083 etiam
447 4002 608 4085 liberiirs
624 4003 752 4084 adhuc
765 4025 805 4084 et
817 4002 1045 4111 diligentius
1063 4004 1291 4113 persequar3

145 4110 265 4223 teque
285 4115 401 4196 simul
421 4113 578 4223 tuisque
595 4117 715 4195 etiam
736 4115 849 4196 samae
870 4144 966 4224 quas
989 4117 1188 4195 meditaris
1207 4144 1295 4195 cor-

142 4226 315 4335 ruptelas
339 4246 378 4306 et
404 4227 636 4337 perspexero
661 4227 776 4308 facile
800 4247 839 4306 et
865 4228 995 4307 risero.
1058 4229 1224 4322 Interea,
1246 4255 1308 4333 ne·

143 4337 210 4417 cui
230 4337 399 4418 dubium
426 4340 485 4432 fit,
511 4341 607 4449 quin
637 4359 679 4420 tu
711 4340 843 4419 omnia
872 4340 1167 4447 pervestigando
1195 4337 1295 4418 nihil

170 4449 298 4530 torsus
322 4454 363 4529 in
382 4478 449 4530 me
466 4449 608 4531 habeas
628 4451 734 4559 quod
754 4477 890 4530 verum
910 4452 1059 4531 crimen
1088 4452 1146 4543 fit,
1177 4474 1244 4529 aut
1267 4450 1293 4529 fi

140 4476 323 4657 labetes,
343 4563 441 4671 quin
461 4563 502 4644 id
525 4561 771 4672 cupidiffime
792 4563 920 4641 statim
941 4585 981 4642 et
1001 4560 1293 4641 malitiosrffimb

142 4672 293 4754 diceres
326 4673 530 4783 modisque
564 4673 749 4754 omnibus
785 4674 1057 4783 amplificares,
1091 4672 1294 4752 videamus

140 4780 265 4893 quam
285 4812 364 4865 non
380 4786 547 4865 crimina
562 4815 649 4896 quae
666 4786 751 4880 snit,
768 4785 835 4866 des
851 4786 1033 4879 crimini;
1054 4785 1175 4865 etiam
1191 4783 1294 4865 recte

199 4921 227 4995 4
690 4924 712 4976 c
741 4924 764 4976 c
