2888 5204
402 569 749 708 Typographus
774 608 860 705 pro
883 568 1066 705 seipso,
1232 614 1311 698 245

157 774 259 826 mum
272 774 403 841 meum,
409 748 516 854 ficut
535 767 573 828 et
586 749 741 829 omnium
762 749 831 858 qui
848 775 937 828 mea
950 746 1310 855 opinionssfueront,

154 856 244 939 adeo
274 858 568 953 abah'enaverat,
596 860 782 966 utRegia
805 859 922 968 parti
938 858 1057 966 magis
1075 858 1219 940 addibii
1244 861 1310 971 effe

155 971 372 1079 eoeperimus
389 971 499 1080 qubm
513 971 831 1053 Parlamentaria
841 1003 856 1049 .·
875 971 970 1078 Quis
988 970 1081 1051 enim
1099 989 1197 1052 amet
1215 973 1308 1070 illos,

154 1108 245 1206 quos
262 1082 373 1191 hostes
390 1082 455 1192 effe
473 1083 621 1192 nostros,
647 1103 683 1163 et
703 1084 741 1162 in
760 1083 908 1165 ruinam
932 1082 1089 1190 nostram
1112 1082 1309 1188 conjurare

141 1193 395 1296 judicamus?
426 1197 489 1275 En
508 1195 668 1302 caustum,
689 1224 772 1304 qua
789 1194 965 1274 meetonm
985 1194 1202 1275 Miltonium
1223 1199 1307 1277 De-

140 1302 331 1409 ferfforem
345 1308 485 1414 Populi
491 1308 711 1414 Anglicani,
725 1336 794 1385 non
807 1307 912 1386 tanti
919 1305 1108 1414 astimare,
1125 1325 1169 1388 ut
1180 1325 1306 1402 antea,

152 1417 298 1496 movit:
328 1417 425 1525 quod
437 1419 571 1499 mirum
590 1417 798 1527 nonsuiffe,
818 1418 890 1526 opst
902 1417 1029 1526 faed>
1046 1415 1224 1523 judicare
1234 1437 1306 1527 po-

152 1528 512 1639 tuffrt,stsciviffi²t
523 1560 579 1611 me
592 1530 656 1640 ‘ff’
669 1529 923 1620 Hollandnm‚·
953 1547 990 1609 et
1005 1529 1075 1633 roffi
1082 1531 1163 1639 post
1173 1549 1305 1639 pacem

135 1639 296 1747 sobiam
309 1641 478 1722 ultionem
482 1641 671 1751 spiraret,
684 1641 821 1722 homini
821 1639 936 1748 probo
950 1639 1148 1746 indignam.
1181 1645 1303 1749 Qum

152 1752 362 1860 tempestus>
375 1753 456 1834 baec
471 1753 644 1860 Defienſso
656 1782 753 1834 nunc
765 1753 804 1832 in
816 1754 932 1833 lucem
944 1751 1117 1861 prodeat,
1126 1751 1304 1859 judicare

151 1863 307 1970 quilibet
322 1864 447 1975 sacili
459 1865 589 1974 potest,
616 1885 653 1945 et
671 1895 722 1945 on
747 1894 817 1944 non
841 1864 968 1944 melius
984 1863 1120 1974 suiffet
1145 1882 1304 1974 tempore

151 1973 243 2054 belli
256 1974 300 2055 id
303 1976 393 2082 feci
415 2006 448 2069 e,
473 1976 582 2086 qubm
607 2006 719 2071 nunc,
745 1995 877 2056 contra
900 1976 1130 2056 intentionem
1144 1976 1307 2082 secundi

151 2086 331 2167 Articuli
340 2088 468 2179 Pacis,
484 2087 709 2194 injuriarum
721 2089 1023 2197 praeteritarum,
1029 2087 1074 2192 ſs
1085 2089 1302 2197 quafabia

133 2195 252 2302 stent,
281 2199 427 2278 memini
438 2199 485 2278 ci.
553 2202 732 2308 Optorem
761 2200 861 2279 cert>
891 2217 934 2278 ut
963 2200 1218 2307 Mogssratus
1253 2201 1301 2281 ab

148 2327 312 2418 utroque
323 2327 439 2418 parte
456 2309 659 2417 hujusmodi
678 2310 863 2415 injuriosos
881 2328 918 2389 et
936 2309 1167 2416 calumniosos
1189 2310 1301 2391 libros

131 2420 275 2527 severi
287 2420 515 2529 prohiberet,
539 2422 688 2530 quinon
708 2423 777 2527 nbi
792 2421 896 2501 novis
917 2420 1120 2501 animorum
1146 2420 1301 2502 motibus

147 2531 388 2626 concitandis,
404 2532 646 2642 modicamque
664 2533 818 2613 vulneri
833 2529 1043 2640 refricando
1062 2531 1296 2638 inserviunt:

146 2644 326 2725 Dominos
340 2645 440 2724 certe
463 2643 621 2724 Ordines
640 2645 838 2724 Generoles
855 2646 990 2723 horum
1007 2642 1298 2725 Provinciarum

145 2754 340 2835 omnimodo
360 2754 402 2835 id
415 2756 826 2862 curaturosfirmffmt
842 2755 936 2833 mibi
943 2754 1156 2863 persuadeo.
1216 2759 1298 2865 Ego

144 2867 270 2976 qualis
287 2868 407 2977 qualis
424 2868 551 2947 Idiota
571 2887 610 2947 et
625 2869 662 2946 Ο
667 2871 838 2976 petasius
860 2864 950 2977 (uti
962 2866 1175 2961 Miltonius,
1194 2869 1297 2963 eheu,

144 2996 300 3088 quanta
314 2978 527 3059 eruditione}
538 2980 645 3088 typho
657 2978 832 3085 inflatus!
860 3007 914 3057 me
925 2978 1086 3057 nominat
1094 2995 1187 3087 pag.
1197 3004 1219 3059 2
1226 2976 1295 3090 5.)

142 3090 228 3170 baec
238 3091 344 3199 quali
352 3091 459 3199 quali
465 3118 585 3169 manu
599 3089 870 3169 atramentarii
879 3086 907 3199 ί
908 3107 951 3167 ut
961 3088 1052 3168 idem
1052 3087 1297 3196 futilisRhe·

143 3219 210 3280 tor
232 3201 366 3308 garrit
389 3218 483 3309 pag.
508 3198 603 3310 26.)
635 3219 819 3310 utcunque
834 3200 1001 3308 scripto,
1037 3200 1122 3281 huic
1149 3200 1301 3284 editioni

144 3311 348 3418 adjungere
359 3310 592 3420 necefforium
601 3310 718 3392 duxi:
735 3308 1023 3420 bocsolummodo
1035 3310 1183 3404 addens,
1196 3314 1296 3393 Mil-

144 3423 285 3503 tonium
318 3425 437 3529 magis
461 3422 673 3531 prudentia
687 3423 775 3528 sua
808 3451 917 3533 quam
946 3439 1137 3531 tantopere
1166 3422 1297 3532 ubique

130 3533 283 3640 jabiat,
304 3533 845 3643 corsseclturumsuffl,stſs³rib
865 3532 1114 3642 inqufiviffl‘t,
1127 3534 1208 3643 quis
1222 3564 1294 3614 au-

142 3646 232 3724 thor
251 3645 351 3725 illius
377 3644 493 3725 libelli
512 3645 608 3754 efflet,
633 3645 744 3752 qubm
768 3675 813 3724 ex
827 3645 985 3753 stnistra
999 3642 1203 3753 stcspicione
1224 3664 1295 3725 aut

135 3757 324 3865 pensersa
343 3757 597 3864 irfformatione
613 3758 669 3835 D.
692 3758 845 3836 Morum
862 3773 934 3865 pro
953 3756 1108 3836 authore
1131 3753 1209 3860 ejus
1218 3756 1293 3863 su·
1415 3755 1418 3761 ’

140 3896 256 3962 onere,
275 3887 313 3948 et
326 3887 457 3948 contro
475 3897 555 3948 eum
574 3886 651 3948 tom
666 3867 846 3948 atrociter
850 3866 1078 3974 fulminare,
1092 3865 1197 3973 cujus
1213 3896 1293 3949 eum

142 4006 217 4060 non
236 3979 301 4089 effe
316 3997 416 4059 certo
440 3980 578 4059 certius
600 3977 661 4085 est.
723 3975 885 4058 Eandem
911 3979 1056 4086 culpam
1082 3978 1293 4088 commiffom

125 4088 252 4198 suiffe
273 4092 312 4170 in
338 4090 600 4199 Responfione
626 4087 802 4196 Philippi
828 4088 952 4197 Angli
979 4088 1027 4167 ad
1051 4084 1294 4197 Apologiam

141 4203 351 4310 Anonymi
377 4201 591 4307 cujusdam,
612 4218 687 4279 etc.
717 4196 911 4307 aliquando
932 4198 1125 4279 Hartlibio
1138 4201 1291 4309 scrspst,

138 4309 251 4417 cujus
268 4312 361 4392 libri
375 4311 565 4403 authorem
584 4310 649 4420 effe
664 4310 894 4402 Miltonium,
901 4310 1040 4418 saltem
1058 4308 1137 4415 ejus
1152 4313 1292 4417 confilio

130 4422 385 4533 publicatum,
385 4422 590 4531 firmffml
605 4421 791 4502 creditur:
815 4419 940 4530 Eique
951 4418 1070 4500 minsis
1085 4421 1150 4501 hoc
1154 4422 1293 4530 facere

138 4533 328 4643 dcbuiffet,
344 4531 639 4644 quodHortlibio
650 4532 761 4611 etiam
772 4550 859 4612 onte
871 4532 1052 4613 biennium
1047 4531 1291 4640 scripstram,

139 4647 204 4728 D.
220 4649 376 4727 Morum
395 4675 464 4725 non
482 4644 548 4754 effe
566 4645 754 4724 authorem
774 4642 866 4723 libri
881 4643 986 4750 cujus
1004 4642 1152 4734 titulus,
1172 4644 1291 4750 Regii

134 4757 338 4882 sanguinis
355 4758 520 4850 clamor,
540 4773 617 4835 etc.
645 4755 712 4864 qui
730 4755 824 4835 mibi
841 4752 1023 4864 respondit
1045 4778 1096 4858 29
1121 4752 1293 4834 Octobris
