796 1583
267 285 379 311 Defensio
392 286 505 311 Secunda.
635 272 671 317 32-x

99 334 138 350 tate
145 329 253 350 hominum
260 331 323 357 magis
329 330 360 350 vel
366 330 412 350 Deo
417 336 503 357 gratum,
510 330 541 350 vel
548 331 619 351 rationi
626 337 675 350 con-

99 358 222 382 sentaneum,
230 358 267 379 effe
277 359 298 378 in
307 359 385 378 civitate
395 359 445 379 nihil
454 360 528 386 aequius
538 358 589 379 nihil
599 358 674 381 utilius,

99 385 161 414 quhm
169 387 228 414 potiri
236 394 302 407 rerum
309 386 450 414 digniffimum.
479 387 533 407 Eum
541 392 559 407 te
567 386 675 414 agnoscunt

99 421 177 438 omnes,
188 414 309 438 Cromvelle,
317 421 340 434 ea
349 419 370 434 tu
380 415 429 435 civis
439 415 538 435 maximus
547 420 567 435 et
576 415 674 442 gloriosis-

99 442 168 466 fimus,
174 443 215 463 dux
223 443 298 470 publici
303 443 386 466 confilii,
394 443 543 463 fortiffimorum
549 443 674 463 exercituum

99 471 218 498 Imperator.
226 476 282 503 pater
291 471 356 498 patriae
364 471 447 498 geffisti:
463 471 488 491 fic
495 476 517 491 tu
526 471 536 490 s
560 476 629 491 manea
637 471 673 491 bo-

99 505 171 519 norum
178 506 269 519 ommum
275 504 295 519 et
300 498 394 519 animitus
400 499 456 519 missa
461 506 509 519 voce
515 499 533 519 sa
542 500 602 519 utaris
609 507 614 519 :
625 499 673 519 alios

99 527 167 547 titulos
178 532 196 547 te
206 527 276 554 dignos
286 531 319 547 tua
329 526 379 547 fa&
387 534 426 547 non
436 532 516 551 norunt,
526 534 565 547 non
574 527 647 550 ferunt,
654 532 674 547 et

99 554 192 582 superbos
203 555 255 578 illos,
268 555 323 582 vulgi
338 555 383 575 licet
393 555 486 582 opinione
499 562 589 582 magnos,
601 556 673 575 merito

99 582 205 610 respuunt:
222 583 278 611 Qid
288 583 342 603 enim
351 583 380 603 est
392 583 468 606 titulus,
480 583 515 603 nisi
526 583 618 603 definitus
627 583 673 610 qui-

99 611 145 631 dam
155 611 256 638 dignitatis
269 611 352 631 modus?
367 616 404 631 tuae
416 618 445 631 res
458 611 515 638 gestae
526 610 574 631 cum
587 611 673 631 admira-

99 639 166 663 tionis,
170 644 213 659 tum
220 639 273 659 certe
280 639 384 659 titulorum
390 639 474 659 modum
478 646 558 659 omnem
564 640 671 662 excedam

99 672 118 687 et
123 667 179 687 velut
187 667 312 694 pyramidum
321 667 386 694 apices
395 667 445 687 coelo
455 667 474 687 se
479 668 574 691 condunt,
583 667 674 695 populari

99 695 204 716 titulorum
219 695 266 715 aura
279 695 398 715 excelfiores.
431 695 469 715 Sed
483 696 579 722 quoniam
592 695 674 716 summis

99 723 160 743 :tiam
167 723 280 746 virtutibus,
286 723 321 750 qui
328 723 390 743 honos
396 722 486 746 habetur,
493 723 581 743 humano
586 724 673 751 quodam

99 750 178 778 &stigio
184 751 236 771 finiri
242 758 264 771 ac
270 751 378 774 terminari,
386 758 426 771 non
433 751 517 778 dignum
524 751 558 775 est,
567 751 598 771 sed
607 757 673 771 tamen

99 779 187 807 expedit,
195 779 291 807 affumpto
297 779 383 807 quodam
390 779 448 799 titulo
456 780 515 807 patris
523 780 589 807 patriae
597 779 673 800 fimilli—

99 814 132 827 mo
139 814 179 827 non
185 807 243 827 evehi
253 812 271 827 te
281 808 370 834 quidem,
379 807 411 827 sed
421 812 450 827 tot
457 808 549 834 gradibus
559 815 584 828 ex
594 808 673 828 sublimi

99 835 222 859 descendere,
228 841 248 855 et
254 836 308 855 velut
315 836 334 855 in
342 836 432 855 ordinem
437 836 490 862 cogi,
495 836 575 863 publico
582 843 672 856 comi-no—

99 864 131 887 do,
139 869 160 884 et
170 863 241 883 senfisti
249 868 268 883 et
276 863 392 887 sustinuisti;
404 864 481 891 regium
492 871 564 884 nomen
574 864 673 890 majestate

99 891 158 919 longe
168 891 241 918 majore
251 892 368 919 aspernatus.
398 892 425 912 Et
433 891 504 912 merito
513 892 607 919 quidem:
619 893 673 919 quod

99 920 153 940 enim
163 927 244 943 nomen,
255 920 340 947 privatus
350 919 385 939 sub
395 920 468 946 jugum
478 920 564 943 mittere,
577 925 597 940 et
606 921 630 940 ad
641 921 672 940 ni-

99 948 164 968 hilum
174 948 231 975 plane
242 948 329 975 redigere
339 948 427 975 potuisti,
438 955 462 967 eo
474 948 487 967 fi
498 953 562 968 tantus
571 948 600 968 vir
610 948 672 968 fastus

99 983 196 1004 caperet-e,
210 976 264 996 idem
279 975 328 1003 pene
345 975 425 999 faceres,
439 981 498 1003 atque
511 976 525 995 fi
539 981 620 1003 gentem
635 976 672 996 ali-

99 1011 158 1032 quam
181 1004 307 1024 Idololatmm
326 1004 366 1024 Dei
382 1004 423 1024 veri
440 1011 478 1031 ope
496 1010 543 1024 cum
561 1004 671 1031 subegisses,

99 1033 158 1053 νίἂοε
172 1032 206 1052 abs
220 1037 239 1052 te
255 1032 328 1052 coleres
341 1032 394 1052 deos.
424 1032 457 1051 Tu
469 1032 537 1059 igitur,
550 1032 671 1056 Cromvelk,

99 1060 234 1087 magnitudine
243 1060 277 1080 ina
288 1060 349 1080 animi
359 1061 423 1080 macte
432 1060 484 1083 esto;
502 1065 520 1080 te
533 1060 587 1080 enim
600 1060 668 1083 docet:

99 1093 118 1109 tu
128 1089 195 1117 pntriae
204 1088 303 1111 liberator,
314 1088 408 1108 libertatis
418 1089 492 1111 auster,
504 1088 606 1115 custosque
619 1088 672 1108 idern

99 1121 117 1137 :t
131 1116 260 1139 conservator,
274 1123 339 1143 neque
352 1116 462 1143 graviorem
479 1116 589 1143 personam,
608 1123 672 1143 neque

99 1145 230 1172 :ugustiorem
243 1144 338 1171 suscipere
352 1149 408 1171 potes
422 1144 493 1167 aliam;
510 1144 545 1171 qui
559 1151 598 1164 non
611 1144 671 1164 modo

99 1180 168 1200 regum
183 1179 212 1192 res
227 1172 296 1199 gestas,
314 1171 345 1192 sed
359 1172 452 1192 Heroum
466 1178 545 1199 quoque
561 1172 672 1192 nostrorum

99 1200 172 1221 &bulas
181 1200 236 1220 fadis
243 1200 360 1227 exuperasti.
376 1200 449 1226 Cogita
455 1199 529 1227 saepius,
537 1200 597 1227 quzim
605 1207 671 1220 caram

99 1236 147 1252 rem,
159 1228 183 1248 ab
196 1227 257 1255 qualm
269 1235 312 1248 cara
323 1233 402 1255 parente
413 1233 453 1251 tua,
464 1228 574 1248 libertatem
587 1228 598 1248 ὲ
609 1229 671 1256 patria

99 1257 133 1277 tibi
145 1256 305 1277 commendatam
317 1261 375 1283 atque
387 1256 528 1279 concreditam,
541 1257 594 1283 apud
606 1261 624 1276 te
637 1257 671 1276 de-

99 1285 179 1312 positam
191 1284 261 1304 habes:
274 1285 327 1312 quod
339 1284 363 1304 ab
373 1283 491 1304 eleffiffimis
503 1285 567 1311 gentis
579 1284 671 1304 universae

99 1313 150 1336 viris,
157 1313 191 1333 illa
197 1312 257 1332 modo
264 1312 387 1340 expedlabat,
396 1312 416 1332 id
423 1319 475 1331 nunc
481 1311 491 1331 ὲ
498 1317 517 1332 te
524 1319 564 1332 uno
571 1313 670 1339 expectat,

99 1348 132 1369 per
141 1346 160 1361 te
171 1347 233 1361 unum
240 1340 332 1367 consequi
338 1340 413 1367 sperat:
430 1340 527 1360 Reverere
535 1345 609 1360 antam
617 1340 640 1360 de
651 1346 670 1360 te

124 1376 138 1395 4
391 1375 405 1389 γ
