2888 5204
149 211 170 262 2
180 213 229 291 30
432 171 625 306 Joannis
652 167 855 301 Philippi
882 135 1027 301 Angli

146 345 372 452 argumenti
391 343 562 454 speciem
581 372 659 452 prae
678 342 715 422 se
734 341 927 438 ferebant,
941 363 1142 452 utcunque
1160 341 1269 452 paucis
1325 370 1332 379 ·

148 456 433 566 respondimus.
495 457 547 542 In
562 453 641 535 hoc
666 474 801 535 autem
826 456 956 566 capite
982 451 1079 536 cium
1099 456 1273 535 Miltouus

148 570 329 677 antiquas
348 568 574 677 Anglorum
594 569 700 673 leges
714 595 760 649 ae
775 586 1032 649 monumenta
1046 567 1164 676 regiae
1178 568 1277 647 caula

150 680 289 790 paffim
320 678 401 760 talrn
433 680 590 759 adversa
620 679 913 787 diligentiffime
942 679 1193 790 protuliffet:
1223 676 1278 758 ille
1329 690 1331 695 ’

149 791 174 871 ὲ
189 791 446 886 contra,cl1m
467 820 594 902 neque
612 792 846 884 doctrinam,
860 821 989 902 neque
1006 792 1280 902 antiquitatem,

152 932 280 1012 neque
296 933 479 998 acumen,
499 931 627 1012 neque
646 902 923 985 authoritatem
940 905 1081 998 ullam,
1093 905 1174 1014 quai
1191 903 1282 983 suam

152 1036 308 1097 tueatur
321 1016 489 1111 causam,
505 1015 644 1095 afferre
657 1017 787 1125 poffit,
798 1014 875 1097 hoc
889 1037 1044 1097 tantum
1058 1014 1180 1096 habet
1193 1015 1282 1124 quod

152 1127 539 1239 respondeat,misere
552 1126 770 1208 balbutiens
775 1129 863 1236 jura
875 1129 942 1209 illa
951 1129 1080 1210 nostra
1091 1128 1282 1220 notiffima,

152 1242 418 1335 vetustissima,
431 1261 471 1320 et
489 1239 665 1320 maxime
685 1260 780 1335 rata,
793 1238 945 1346 obsoleta
957 1241 1044 1348 jam
1061 1259 1101 1321 et
1114 1239 1221 1321 tureis
1234 1269 1282 1319 co·

151 1353 261 1462 mesta
278 1355 356 1465 (βε.
416 1350 570 1432 Verum
588 1380 668 1432 non
684 1371 764 1431 tam
779 1352 919 1436 dubito
930 1353 1028 1462 quin
1044 1381 1182 1434 omnes
1193 1352 1281 1432 dotti

153 1486 195 1545 et
232 1467 496 1574 intelligentes
526 1466 600 1543 viri
639 1463 734 1544 huic
765 1463 930 1546 fatuanti
967 1493 1048 1546 non
1078 1462 1282 1576 responderi

153 1597 334 1685 oportere
361 1579 555 1683 judicent,
575 1573 697 1685 quam
715 1605 852 1673 vereor
877 1605 926 1658 ne
952 1572 1282 1688 reprehendaut'li

155 1688 359 1768 insanienti
371 1708 411 1769 et
426 1687 576 1768 rabioso
591 1716 753 1797 operam
763 1689 920 1770 dedero.
979 1691 1065 1804 Qi
1076 1688 1172 1770 verh
1183 1685 1282 1797 hujtu

153 1801 368 1881 mendaciis
387 1821 427 1880 et
446 1799 719 1880 maledicentia
741 1799 765 1881 al
781 1804 943 1882 veritate
963 1803 1108 1882 abduci
1135 1800 1172 1881 se
1197 1798 1282 1910 pati-

154 1933 288 2007 untur,
313 1941 379 1993 eos
401 1911 580 2023 profedlh
607 1932 689 1992 tam
711 1915 821 2023 parvi
848 1914 1072 2023 pendimus,
1091 1932 1139 1993 ut
1159 1938 1282 2021 quant·

152 2053 309 2134 cunque
325 2026 372 2105 ad
389 2046 544 2136 partem
559 2024 796 2120 accefferint,
813 2025 948 2133 susque
963 2027 1094 2135 deque
1107 2026 1216 2107 nobis
1227 2023 1281 2114 fin

153 2138 282 2217 immh
307 2160 443 2219 contra
472 2165 543 2218 nos
570 2135 645 2217 isto
670 2140 804 2219 animo
829 2136 949 2246 quim
974 2136 1179 2219 nobiscum
1205 2136 1283 2217 stare

153 2250 367 2330 malumus.

603 2628 734 2707 CAP.
769 2628 853 2709 lX.

163 2800 427 2956 NUic
455 2801 575 2880 etiam
597 2804 731 2912 Capiti
752 2803 891 2913 prioris
917 2801 1022 2884 haud
1049 2805 1217 2889 ablimili
1238 2830 1290 2884 re·

205 3004 295 3091 Ὺ

318 3005 322 3017 ,
374 2911 557 3020 sponsum
571 2915 724 3022 prorsus
739 2915 844 2994 idem
858 2918 1079 2997 conveniet.
1111 2913 1291 3026 Namqui

161 3008 338 3161 jwp
372 3042 508 3103 contra
534 3025 666 3134 legem
686 3028 767 3105 Dei
795 3046 835 3106 et
862 3048 1005 3110 naturae
1031 3029 1206 3110 dilucide
1232 3055 1291 3108 ex-

179 3156 184 3163 ·
309 3152 336 3169 '‘
373 3135 576 3244 plicatam,
610 3157 747 3217 contra
786 3142 953 3221 rationes
989 3141 1323 3251 evidentillimas,¹

144 3241 312 3351 juraque
331 3249 513 3352 gentium
532 3249 809 3358 plurimarum,
831 3269 918 3332 tum
943 3253 1079 3333 nostrae
1097 3255 1219 3333 etiam
1237 3250 1293 3331 fir-
1315 3254 1323 3327 ἐ

151 3356 334 3449 miffima,
363 3379 498 3439 contra
526 3360 748 3441 testimonia
777 3362 946 3473 denique
974 3367 1221 3475 optimorum
1241 3364 1293 3443 vi·

151 3493 286 3544 rorum
305 3467 502 3550 uberrima
522 3468 622 3551 nihil
640 3493 778 3584 praeter
797 3497 1023 3557 commenta
1044 3476 1202 3558 tantltm
1224 3477 1293 3566 sua,

151 3596 269 3683 atque
291 3577 427 3658 deliria
447 3611 660 3690 opponere,
682 3607 749 3665 aut
772 3588 813 3665 in
834 3589 1013 3669 medium
1031 3587 1209 3698 proferre
1231 3615 1295 3699 po

152 3688 237 3780 test,
257 3687 339 3791 ejus
359 3690 536 3798 profedlh
557 3696 611 3776 ita
630 3697 862 3807 disputantis
882 3703 1077 3781 rationem
1103 3702 1229 3782 ullam
1254 3699 1295 3778 fi·

151 3800 241 3906 quis
252 3796 448 3896 habuerit,
462 3805 567 3886 certe
583 3836 663 3889 non
675 3811 827 3906 donus,
841 3840 921 3893 non
933 3813 1111 3909 disertus,
1124 3842 1206 3895 non
1216 3812 1297 3894 dili-

151 3937 261 4017 gens,
281 3939 360 3991 non
380 3937 530 4009 acutus,
551 3917 616 3999 sed
643 3923 745 4003 male
773 3922 934 4005 feriatus
953 3925 1144 4006 duntaxat
1163 3923 1298 4007 merits

151 4022 342 4102 videatur.
403 4029 525 4136 Qod
544 4050 679 4112 autem
700 4061 768 4114 nos
781 4037 1116 4146 impudentiffime
1128 4038 1298 4118 accusare

151 4163 230 4214 non
262 4136 430 4232 dubitat,
457 4140 562 4247 quafi
591 4144 706 4253 Papae
732 4145 1012 4230 authoritatem
1044 4151 1084 4231 in
1113 4151 1298 4258 Angliam

150 4248 336 4329 reducere
357 4250 609 4348 meditemur,
630 4253 652 4334 ὲ
671 4286 753 4365 quo
773 4278 813 4340 et
831 4262 945 4342 dietis
966 4280 1006 4341 et
1026 4260 1137 4344 fanis
1162 4261 1299 4343 abhor-
