796 1583
207 305 297 329 Contra
310 304 472 329 Alexandrum
485 306 590 329 Morum.
644 307 683 335 387

107 347 161 368 unde
174 348 249 375 possem
263 348 287 368 ab
297 349 362 369 odiosa
375 348 454 369 crambe
469 348 530 369 vestra
541 355 684 375 nonnunquam

108 375 208 402 respirare.
239 376 299 404 Qod
310 377 375 404 itaque
385 376 448 397 facete
460 377 533 404 inquis,
546 384 581 397 mm
595 376 684 396 immerita

108 403 196 430 Deferfio
202 408 239 432 pro
245 405 398 432 populo—secunda
407 405 491 428 dicitum·
501 405 596 432 quoniam
604 404 624 424 id
632 404 684 424 faus-

108 435 153 451 tum
163 432 198 456 est,
211 439 236 452 ex
246 439 280 453 ore
292 432 396 460 praesertim
407 432 517 456 adversarii,
529 439 589 453 omen
600 432 683 460 accipio.

108 459 143 479 Tu
150 460 196 480 licet
204 467 278 481 novum
283 461 388 488 quotannis
393 461 501 481 clamorem
507 461 598 484 edideris,
604 467 684 488 rumpas

109 492 128 507 te
139 487 193 515 prius
204 488 279 512 licebit,
294 488 354 516 quam
366 489 473 509 clamorem
486 489 592 509 secundum
605 488 684 508 edidisse

108 515 188 536 dicaris.
218 517 310 537 Alterum
320 524 388 537 meum
399 517 474 537 crimen
484 517 512 537 est
521 517 574 544 quod
585 517 605 536 in
618 516 684 537 laudes

108 543 192 571 Regina
198 545 306 565 Succorum
314 545 435 565 sereniffimae
442 552 477 572 per
484 545 605 565 occafionem
615 544 639 564 ab
649 544 684 564 ad—

108 572 192 592 versario
210 573 252 600 ipso
267 573 341 597 datam,
356 573 450 600 digreffus
466 573 521 593 sum:
540 577 560 593 et
577 573 628 592 inter
647 572 684 592 alia

107 599 198 620 dixeram
208 601 260 628 (satis
270 601 357 621 modeste
365 601 446 628 quidem
456 606 478 621 ut
485 601 564 628 opinor)
573 600 646 627 nequid
654 605 684 620 at-

107 627 217 649 tribuerem
229 628 279 649 mihi
294 629 348 656 quod
362 629 461 656 Reginam
473 634 540 649 contra
554 628 647 655 Regiam,
662 632 684 648 ut

107 656 219 685 videbatur,
231 657 316 681 causam,
331 662 372 677 tam
385 656 436 677 mihi
451 656 550 677 faventem
564 656 683 684 reperissem,

108 683 183 704 nescire
192 691 225 705 me
235 684 293 712 plane
302 685 341 712 qua
353 685 397 705 mea
409 685 460 705 forte
472 685 492 705 id
502 684 606 705 eveniss'et:
622 684 684 704 male·
717 696 719 698 -

108 711 157 732 bam
166 713 191 733 ad
200 713 279 736 sortem,
293 713 317 733 ad
327 713 401 740 sydera,
411 713 435 733 ad
447 713 505 740 fiquis
517 713 545 733 est
555 712 643 733 occultus
653 712 684 732 vel

108 740 222 761 animorum
228 741 259 761 vel
266 748 331 761 rerum
337 741 438 761 consensus
444 746 477 761 aut
484 741 618 764 moderamen,
624 739 684 767 quam

108 768 133 788 nd
141 774 210 789 meum
218 769 313 796 quicquid
321 774 368 793 erat,
375 769 406 789 vel
414 769 495 796 ingenii,
501 769 532 789 vel
540 769 644 792 acuminis,
654 768 686 788 vel

108 796 171 824 eopia
180 796 252 818 referre
259 797 328 817 videri.
358 798 417 817 Hane
427 802 448 817 tu
458 797 591 817 calumniandi
602 796 685 816 simulet

136 824 225 845 nfitandi
232 826 335 845 materiam
343 826 417 849 nadhrs,
425 825 508 845 fremere
516 824 626 852 extemplo,
632 824 685 851 quas!

109 852 216 880 mdignum
228 853 267 873 hoc
276 853 334 877 effen
350 858 370 873 et
379 853 438 873 lutum
445 853 495 873 illud
505 854 525 873 in
533 852 639 873 visceribus
647 852 686 872 tuis

108 885 232 904 concretum,
241 882 261 901 in
270 888 303 901 ore
313 888 361 901 mox
373 881 417 904 tibi,
430 886 452 901 ut
466 880 620 909 frequentissime
629 880 685 904 solet,

109 907 194 929 fluitare.
224 910 276 936 Age,
284 909 367 937 despue;
393 909 427 929 uid
436 909 478 929 est?
492 916 538 933 eam,
549 909 622 936 inquis,
627 913 685 936 prop-

109 940 162 956 terea
170 941 210 957 tam
217 937 319 964 importune
328 937 375 957 laud
396 945 425 960 as,
435 942 457 957 ut
467 944 507 957 cum
517 945 538 957 ea
547 941 566 957 te
575 941 686 964 componeres

109 964 177 985 lutum.
192 964 252 985 Tune
260 965 331 985 Morus
339 972 359 985 es
366 972 391 985 an
400 965 497 985 Momus?
507 972 531 985 an
542 970 624 996 uterque
632 964 685 984 idem

109 992 138 1012 est
145 993 153 1012 ?
160 997 205 1013 utro
213 997 232 1013 te
240 994 320 1013 nomine
328 993 427 1020 appellem
434 993 513 1016 dubito;
523 993 567 1020 quis
575 993 630 1012 enim
636 999 685 1020 prae-

109 1025 141 1053 εει·
154 1021 238 1041 Morum
253 1026 287 1041 aut
300 1028 392 1041 momum
405 1026 445 1041 mm
460 1020 533 1041 sinistre
546 1027 569 1041 ac
583 1027 685 1048 perperam

109 1053 254 1097 ἔῗὲῗὲξῖζῗῖᾞ
258 1047 685 1104 ἒῗιξῗὲιῖᾱέῗέηἙὶζῗζνῖἱῗῖἑῗςὲὲῗὲἶ.

109 1105 207 1125 verteret?
221 1105 277 1125 Tum
287 1105 337 1125 illud
349 1105 407 1125 fimul
418 1105 517 1133 depromis
527 1112 552 1125 ex
562 1104 640 1132 peculio
650 1109 685 1124 tuo

109 1132 178 1153 servile
188 1138 207 1153 et
218 1133 353 1160 paraliticum;
369 1133 459 1160 nesciebat
469 1133 564 1161 Chrgstina
570 1132 594 1159 st
606 1132 643 1152 tihi
653 1131 685 1159 effi

108 1165 150 1181 tam
151 1160 276 1188 familiarem.
305 1160 363 1181 Tene
369 1161 474 1181 scabellum
481 1161 568 1181 hominis
576 1168 601 1180 ex
610 1160 648 1180 tuis
655 1160 685 1180 lo-

109 1188 160 1208 culis
165 1193 187 1208 et
193 1189 434 1209 immunditiischristinae
441 1189 543 1216 suggerere
550 1188 598 1216 quid
607 1188 685 1211 nesciat,

109 1221 144 1236 aut
152 1217 200 1243 quid
210 1217 276 1237 dicat?
286 1217 341 1244 atqui
352 1217 424 1237 sciebat
433 1217 451 1236 se
461 1217 494 1237 illa
504 1224 540 1244 pro
550 1217 583 1236 sua
593 1216 685 1243 singulari

109 1244 129 1264 in
136 1244 223 1265 literatos
230 1245 366 1265 benevolentia
373 1244 465 1265 Salmafio
472 1244 590 1265 familiarem
597 1252 603 1268 ;
613 1244 646 1264 cui
652 1250 685 1263 me

109 1276 176 1292 tamen
186 1272 267 1293 arbitrio
277 1273 310 1293 suo
317 1273 456 1300 uberrimaque
465 1273 558 1293 sententia
566 1272 619 1292 haud
626 1271 685 1291 semel

108 1300 162 1321 dian
169 1300 198 1320 est
202 1301 311 1328 praetuliflh.
327 1301 365 1321 Sed
369 1301 403 1321 hoc
410 1308 473 1324 unum,
478 1301 550 1328 inquis,
555 1300 645 1327 Reginam
651 1306 686 1319 non

107 1328 178 1349 meruit
188 1328 222 1349 abs
232 1333 252 1349 ee
263 1328 345 1349 laudari.
375 1328 417 1349 Abs
432 1333 451 1348 te
465 1335 512 1356 ergo
528 1327 685 1348 illaudatiffime?

108 1356 198 1377 concedo
203 1356 277 1377 libens!
287 1357 332 1384 quis
340 1357 394 1377 enim
400 1356 476 1377 obstare
482 1356 551 1384 potest,
560 1356 573 1376 fi
582 1356 618 1376 ribi
625 1354 686 1376 modo
