796 1583
192 284 195 286 ’
222 286 335 311 Defensio
347 287 461 311 Secunda.
589 298 599 318 3
604 298 611 311 ι
616 298 628 318 9

99 338 118 351 ie
124 331 251 358 antiquorum
257 331 293 351 ulli
298 331 460 351 excellentissimo
464 331 581 359 Imperatori
587 331 628 352 laus

101 359 164 385 major
171 359 251 379 attribui
258 359 312 379 solet.
335 359 390 379 Hinc
397 360 453 379 enim
460 359 577 383 exercitum,
587 366 628 387 quo

101 394 114 407 o
123 388 196 407 minori
205 387 267 415 spatio
278 387 372 414 majorem
386 392 420 407 aut
431 387 583 411 instructiorem,
594 388 629 408 fibi

100 416 182 442 paravit,
191 420 210 435 et
220 422 256 443 per
263 416 330 435 omnia
336 415 389 435 dieto
397 416 517 439 audientem,
526 420 545 435 et
553 416 629 436 civibus

98 450 133 463 um
143 448 201 470 atque
211 443 313 467 dilectum,
323 448 343 463 et
353 443 447 467 hostibus,
458 444 537 463 armatis
547 444 629 470 quidem

99 471 212 495 fidolosum,
221 472 294 499 pacatis
301 471 446 494 admirabilem,
454 478 540 499 quorum
549 472 569 491 in
577 472 629 499 agris

99 506 113 519 :e
123 499 157 519 sub
165 500 221 520 tectis
230 500 257 519 ita
265 507 304 520 non
311 500 383 527 gravis,
392 504 413 519 et
422 500 461 519 fine
468 500 523 520 omni
532 500 630 521 maleficio

99 527 171 551 ibatur,
184 532 206 547 ut
218 534 265 547 cum
278 528 378 555 regiorum
391 527 470 548 suorum
480 528 529 551 vim,
540 528 629 548 vinolen-

99 563 110 579 ι,
121 555 245 583 impietatem
254 561 313 583 atque
323 556 422 579 libidines,
431 556 547 582 cogitarent,
554 561 629 576 munta

99 591 104 603 :
112 583 157 607 laeti,
166 590 205 603 non
213 590 266 604 nunc
272 583 342 607 hostes,
349 583 381 603 sed
389 583 475 611 hospites
482 583 578 604 adveniffe
585 591 629 604 cre-

102 616 135 635 nt;
151 612 261 639 praefidium
272 612 328 632 bonis
341 612 441 635 omnibuS,
457 616 551 632 terrorem
564 612 628 636 malis,

99 640 132 659 itis
141 640 201 660 etiam
210 640 276 660 omnis
286 645 305 660 et
314 640 392 667 pietatis
402 639 517 660 hortatores.
547 640 586 660 Sed
594 647 629 660 ne-

104 672 123 687 te
133 667 161 688 fas
171 668 199 687 est
206 668 310 695 praeterire,
317 668 416 694 Fairfaxi,
422 668 442 687 in
450 675 491 695 quo
498 675 546 688 cum
553 668 630 688 summa

99 696 171 716 {tudine
180 696 279 716 summam
285 696 409 719 modestiam,
416 696 514 716 summam
522 696 566 716 vitae
575 696 629 716 sane-

100 731 141 747 em,
148 728 168 743 et
175 728 243 744 natura
250 729 270 744 et
276 724 354 744 divinus
360 723 414 744 favor
422 724 537 750 conjunxit:
552 724 586 744 Tu
594 724 627 744 ha-

110 752 131 771 in
141 757 218 779 partem
227 752 308 772 laudum
314 752 423 772 evocandus
434 757 468 771 tuo
475 751 519 778 jure
526 759 549 772 ac
557 753 629 772 merito

98 787 212 807 quanquam
222 780 242 800 in
252 780 287 800 illo
297 787 349 800 nunc
358 785 392 800 tuo
402 780 480 803 secessu,
486 785 569 807 quantus
580 780 630 800 olim

99 808 132 828 *rni
141 808 247 828 Africanus
259 808 291 828 ille
305 808 379 835 Scipio,
391 808 445 828 abdis
459 812 478 828 te
489 808 554 835 quoad
566 813 629 835 potes,

101 835 178 856 hostem
188 836 259 859 solum,
270 836 302 856 sed
311 836 449 859 ambitionem,
459 841 479 856 et
488 843 531 863 quae
541 836 630 863 praessan-

99 871 149 884 num
156 871 257 891 quemque
264 864 378 884 mortalium
383 864 452 887 vincit,
459 864 543 890 gloriam
550 871 630 891 quoque

99 891 126 915 sti,
133 892 209 919 tuisque
219 892 323 912 virtutibus
333 897 352 912 et
361 891 450 919 praeclare
461 892 523 915 fastis,
528 892 630 918 jucundis-

99 927 127 940 im
135 925 154 940 et
162 920 320 947 gloriofiffimum
330 927 365 947 per
375 920 439 940 otium
451 919 529 943 frueris,
539 920 593 947 quod
602 921 630 940 est

100 955 145 968 rum
153 949 244 968 omnium
252 953 272 968 et
279 948 411 968 humanarum
419 948 519 968 actionum
526 948 556 968 vel
565 949 630 968 maxi-

99 983 133 996 um
141 976 191 1000 finis,
201 976 295 1003 qualique
303 977 344 996 otio
352 983 400 996 curn
410 976 486 1004 antiqui
494 976 577 999 Heroes,
586 976 630 1004 post

99 1011 107 1024 ι
117 1009 137 1024 et
148 1005 218 1024 decora
228 1005 266 1024 tuis
277 1004 330 1024 haud
340 1004 420 1031 majora,
429 1004 547 1027 fruerentur,
554 1004 589 1031 qui
597 1011 630 1024 eos

99 1033 134 1052 lare
146 1033 212 1052 conati
224 1032 268 1052 sunt
278 1037 346 1060 poetae,
356 1032 380 1052 de
392 1032 493 1059 sperabant
503 1031 521 1051 se
531 1032 583 1059 posse
592 1032 630 1052 alia

99 1067 130 1080 ›ne
141 1060 161 1080 id
170 1061 228 1087 quale
235 1060 282 1080 esset
291 1060 351 1087 digne
360 1060 474 1083 describere,
484 1060 518 1080 nifi
528 1067 561 1080 eos
571 1059 629 1080 fabu-

99 1093 149 1112 ntur,
162 1088 212 1108 coelo
225 1093 320 1116 receptos,
335 1088 419 1108 deorum
430 1088 494 1115 epulis
505 1088 629 1108 accumbere.

99 1116 133 1136 um
145 1121 164 1136 te
175 1116 213 1136 five
226 1116 324 1140 valetudo,
338 1116 391 1143 quod
407 1115 495 1136 maxime
505 1115 630 1140 crediderim,

105 1144 154 1171 quid
166 1144 219 1164 aliud
232 1144 319 1168 retrhxin
332 1144 494 1172 persuafiffimum
509 1143 548 1164 hoc
559 1143 630 1168 habeo,

100 1172 107 1192 1
116 1177 136 1192 te
146 1172 157 1192 ὲ
167 1173 274 1193 rationibus
282 1172 393 1200 reipublicae
401 1172 493 1192 divellere
501 1171 591 1199 potuisse,
596 1173 631 1193 nifi

98 1200 132 1220 ffes
142 1206 239 1227 quantum
249 1200 343 1220 libertatis
354 1200 516 1223 conservatorem,
525 1199 585 1227 quim
598 1200 631 1220 fir-

99 1236 114 1248 n
126 1233 184 1255 atque
195 1228 258 1249 fidum
268 1229 381 1255 Anglicanae
391 1228 419 1248 rei
428 1228 519 1248 columen
530 1234 553 1248 ac
563 1229 631 1248 muni-

99 1261 148 1276 =tum
164 1257 183 1276 in
198 1256 302 1276 successore
319 1261 353 1276 tuo
369 1256 495 1283 relinqueres.
530 1256 561 1275 Te
577 1257 631 1276 enirn

99 1292 116 1308 3,
127 1284 249 1308 Cromvelle,
261 1292 285 1304 ne
296 1285 341 1304 Deo
351 1284 432 1311 quidem
443 1284 486 1304 satis
496 1283 585 1307 considit,
596 1285 631 1311 qui

99 1320 114 1333 ιε
122 1313 242 1340 Anglorum,
253 1312 296 1332 satis
306 1318 328 1332 ut
339 1312 392 1332 salvae
401 1312 444 1335 fint,
452 1316 534 1335 metuat,
543 1318 590 1331 cum
600 1312 631 1331 vi-

99 1345 152 1360 :tam
166 1340 264 1361 faventem
278 1341 321 1364 tibi,
334 1345 375 1360 tam
388 1340 488 1360 evidenter
498 1339 631 1367 opitulantem
