2888 5204
247 582 300 664 50
520 546 611 639 Pro
638 542 822 677 Populo
847 541 1118 676 Anglicano

246 721 334 804 litm
346 711 553 805 uberrimis
565 722 945 832 corruptaeEcclefiae
957 723 1126 833 praetniis
1138 723 1323 834 pellexit,
1335 720 1393 801 sod

246 838 366 916 etiam
385 836 522 917 edictis
538 854 578 916 et
591 835 806 917 canonibus
825 834 1088 917 eccleliasticis
1105 837 1254 945 coligit,
1276 854 1322 917 ut
1337 835 1393 915 io·

244 949 313 1028 vifi
328 948 549 1030 reformatis
567 949 752 1030 omnibus
766 949 902 1030 altaria
916 948 1142 1044 statuerent,
1157 967 1199 1030 et
1214 946 1393 1058 pidlosin

244 1063 392 1170 pariete
431 1060 640 1141 crucifixos
673 1060 858 1142 altaribus
893 1060 1147 1141 imminentes
1175 1061 1393 1141 adorarent.

245 1174 302 1253 At
333 1173 494 1254 nonest
523 1173 613 1253 ideo
638 1175 797 1254 Salomon
823 1172 849 1253 ὰ
868 1173 1002 1284 populo
1023 1172 1159 1281 capitis
1183 1171 1392 1255 damnatus.

249 1286 341 1367 Nec
361 1287 466 1381 inde,
491 1286 670 1396 inquam,
694 1284 869 1393 sequitur
894 1285 1074 1365 damnari
1098 1283 1121 1364 t
1143 1286 1298 1395 populo
1321 1310 1395 1367 nou

244 1397 439 1493 debuille3
461 1399 592 1479 multa
605 1399 714 1478 enim
729 1398 901 1478 incidere
917 1414 1144 1507 potuerunt,
1159 1424 1233 1477 cur
1247 1396 1293 1477 id
1312 1414 1394 1477 tum

244 1511 430 1621 expedire
450 1510 601 1621 populo
620 1538 698 1590 non
718 1510 926 1593 videretur.
984 1508 1161 1617 Populus
1175 1507 1284 1590 cette}
1301 1506 1394 1617 quid

244 1622 302 1702 sui
315 1625 415 1728 juris
435 1622 528 1704 etlet
547 1620 653 1703 haud
673 1623 801 1703 multo
820 1621 907 1732 post
928 1642 968 1700 et
986 1620 1113 1700 verbis
1133 1639 1174 1700 et
1192 1619 1308 1701 factis
1327 1647 1394 1729 pa·

244 1733 403 1816 tefecit:
425 1733 520 1815 cium
536 1734 759 1815 Solomonis
775 1734 905 1815 filium
923 1734 1064 1813 decem
1084 1732 1208 1813 tribus
1226 1731 1392 1842 expule-

243 1867 356 1943 runt;
382 1867 422 1927 et
445 1848 515 1927 nifi
542 1844 694 1928 maturi
724 1845 761 1925 se
780 1846 821 1925 in
846 1845 984 1952 fugam
1008 1845 1248 1951 conjeciffet,
1277 1843 1393 1925 etiam

243 1959 439 2067 lapidibus
470 1986 605 2066 regem
633 1956 912 2039 tantummodb
946 1958 1145 2038 minacem
1172 1956 1394 2039 obruituros

243 2068 354 2150 fuitse
373 2072 560 2151 credibile
581 2071 647 2150 est.

697 2448 822 2527 CAP.
858 2448 936 2526 Ill.

256 2663 263 2678 ’
323 2662 372 2743 ‘3
419 2637 534 2716 UM
557 2637 642 2716 satis
661 2637 746 2741 jam
766 2637 1007 2746 disputatum
1027 2655 1144 2744 atque
1163 2640 1389 2720 conclusum

258 2794 266 2828 ·.
312 2725 379 2851 tut»
398 2794 440 2862 Ι(
469 2749 528 2841 fit,
549 2776 659 2856 reges
679 2747 880 2831 Mosa'r'cos
899 2776 949 2828 ex
967 2748 1189 2860 praescripto
1205 2752 1289 2832 Dei
1303 2782 1389 2834 otn-

297 2864 300 2879 '
334 2943 339 2965 Α
469 2861 582 2940 nibus
595 2860 796 2941 obstridlos
809 2861 961 2969 legibus
974 2862 1117 2969 pariter
1130 2890 1226 2943 cum
1241 2865 1390 2975 populo

469 2972 594 3066 fuiffe,
609 2973 733 3053 nullas
745 2974 880 3080 legum
895 2974 1146 3082 exceptiones
1190 2974 1390 3087 erscriptas

174 3148 178 3160 .
242 3085 423 3179 inveniri,
445 3104 489 3165 ut
508 3113 617 3193 reges
635 3084 732 3193 quod
746 3085 898 3178 vellent,
923 3086 1066 3193 impunc>
1083 3102 1132 3195 po
1158 3104 1236 3181 ent,
1261 3107 1333 3169 aut
1350 3105 1392 3168 ut

241 3196 267 3276 ὰ
278 3198 410 3306 populo
423 3198 559 3306 puniri
574 3226 618 3277 ne
630 3198 775 3305 poffint,
796 3199 922 3278 Deum
938 3197 1103 3305 proinde
1122 3197 1328 3281 vindictam
1350 3198 1392 3281 de

241 3310 298 3388 his
320 3308 507 3389 tribunali
515 3309 589 3415 stro
614 3308 811 3419 rastrvaſji
837 3308 1081 3389 falfiffimum
1104 3309 1194 3404 effe,
1218 3311 1298 3392 line
1320 3340 1390 3393 au·

243 3419 371 3515 thore,
398 3421 474 3499 fine
503 3421 650 3501 ratione
677 3422 844 3515 dicium,
869 3421 1070 3502 videamus
1096 3448 1144 3501 an
1169 3423 1210 3503 id
1236 3423 1391 3505 suadeat

243 3533 521 3642 Evangelium,
544 3532 652 3641 quod
671 3532 839 3612 ditluasrt
857 3533 937 3626 lex,
962 3560 1041 3613 nou
1064 3534 1300 3642 imperavit:
1330 3538 1390 3616 vi·

240 3646 402 3727 deamus
415 3673 463 3724 an
478 3646 756 3753 Evangelium,
769 3645 950 3724 divinum
966 3644 1065 3725 illud
1085 3645 1274 3728 libertatis
1293 3676 1390 3758 ptae·

244 3760 420 3852 conium,
433 3784 504 3836 nos
516 3759 556 3836 in
571 3757 795 3837 servitutem
812 3756 966 3836 addicat
979 3757 1137 3865 regibus
1149 3777 1188 3838 et
1203 3762 1390 3867 tyrannis,

243 3896 414 3976 quorum
435 3868 483 3947 ab
504 3870 714 3978 impotenti
735 3870 903 3976 imperio
917 3870 1039 3949 etiam
1055 3867 1249 3952 servitutis
1262 3870 1390 3978 cujus-

243 3980 335 4059 dam
356 3979 539 4087 magistra
553 3981 618 4059 lex
635 3998 744 4060 vetus
760 3980 955 4090 populum
969 3981 1049 4060 Dei
1068 3979 1262 4064 liberavit.
1303 3985 1391 4064 Pri·

243 4120 358 4171 mum
370 4109 649 4200 argumentum
660 4092 770 4171 ducis
783 4089 805 4170 a
816 4091 976 4201 persona
992 4091 1157 4187 Christi,
1168 4122 1293 4202 quem
1303 4097 1391 4205 quis

244 4203 364 4283 nescit
388 4231 465 4283 non
492 4204 634 4313 privati
661 4201 801 4297 solltm,
826 4202 889 4284 sed
916 4205 1036 4284 etiam
1063 4204 1160 4284 servi
1186 4206 1390 4316 personam

244 4315 334 4395 ideb
353 4314 562 4425 sumpfitle,
579 4334 623 4395 ut
638 4342 708 4394 nos
724 4315 838 4396 liberi
858 4315 1046 4396 ellemus:
1079 4316 1224 4426 Neque
1242 4316 1323 4400 hoc
1341 4320 1389 4400 de

242 4428 393 4507 interna
409 4424 563 4507 tantbm
577 4428 755 4507 libertate
773 4427 1075 4535 intelligendum
1088 4428 1157 4523 est,
1172 4456 1252 4509 non
1265 4431 1317 4511 de
1330 4432 1389 4512 ci·

241 4541 334 4635 vili;
360 4537 480 4646 quam
505 4539 613 4618 enim
637 4539 762 4618 aliena
787 4539 873 4618 sunt
897 4541 964 4619 ista
985 4568 1070 4647 quae
1089 4541 1236 4636 Maria,
1264 4562 1391 4627 mater

244 4650 407 4743 Christi,
424 4651 505 4756 ejus
525 4654 565 4729 in
581 4650 749 4730 adventu
763 4651 922 4746 cecinit,
931 4649 1112 4761 strperbos
1129 4651 1316 4763 dffpavit
1330 4685 1390 4737 co-

235 4760 417 4872 gr‘tatione
431 4762 549 4845 cordis
564 4762 734 4872 ipsttrum,
748 4760 915 4843 detraxit
931 4763 1130 4872 dynastas?
1147 4766 1307 4862 thronis,
1319 4770 1390 4850 hu·
