2888 5204
249 1315 538 1436 Authoris
569 1316 643 1435 ad
673 1313 997 1434 Alexandri
1027 1316 1188 1434 Mori

375 1522 767 1659 supplementum
794 1519 1068 1657 Responfio.

203 1868 226 1885 ,
293 1864 318 1877 ·
343 1841 430 1920 Anc
449 1867 525 1948 ego
537 1839 818 1920 Defenfionem
835 1867 967 1920 meam
980 1839 1076 1921 cirm
1090 1859 1179 1920 ante
1196 1840 1294 1920 duos

249 1995 255 2011 ι
313 2004 326 2054 3
368 1953 517 2033 menses
536 1952 722 2032 hactenus
742 1950 944 2059 parassem,
955 1980 1003 2032 ne
1016 1953 1295 2061 consumptum

170 2053 175 2062 ’
206 2098 253 2161 ‚s¹
284 2139 285 2143 ,
313 2084 333 2163 p*
368 2062 469 2144 sorte
493 2063 700 2144 biennium
724 2064 892 2144 alterum
916 2066 956 2143 in
984 2065 1021 2144 se
1050 2064 1294 2174 profligando

241 2187 262 2206 ⁸*
304 2190 330 2207 ’“
367 2177 543 2255 clamitet
559 2176 716 2269 Morus,
738 2194 846 2255 tanto
869 2204 963 2255 cum
985 2178 1172 2256 defiderio
1194 2179 1295 2285 Sup-

142 2285 392 2394 pl'ementum
411 2288 510 2367 illud
523 2289 638 2368 Fidei
654 2287 819 2395 publicae
832 2305 966 2367 contra
981 2317 1045 2368 me
1061 2287 1293 2397 promissum

141 2398 414 2508 expectabam,
433 2420 477 2479 ut
493 2398 593 2478 nihil
613 2399 715 2479 mihi
734 2400 890 2506 longius
903 2399 1113 2479 videretur.
1175 2399 1294 2477 Didi-

142 2537 276 2590 ceram
290 2513 399 2594 enirn
411 2540 462 2592 ex
473 2513 622 2592 Vlacco
638 2530 857 2619 perorante,
873 2511 1055 2592 receffiffe
1076 2510 1240 2620 quidem
1253 2512 1293 2612 in

144 2621 320 2703 Galliam
336 2625 518 2715 Morum,
539 2652 618 2703 non
637 2642 768 2703 tamen
785 2622 1008 2731 quiescere:
1030 2622 1093 2702 sed
1106 2623 1168 2701 vel
1188 2622 1293 2702 diffi-

140 2733 230 2813 sum
243 2735 390 2816 viribus
403 2737 692 2815 Genevenfium
706 2736 861 2827 attritis,
873 2735 936 2813 vel
951 2734 1056 2842 qubd
1074 2762 1193 2815 manu
1211 2755 1292 2815 tam

142 2846 289 2954 exigud
308 2849 376 2927 vix
395 2847 483 2928 satis
503 2847 572 2927 fibi
598 2848 803 2927 instructus
826 2848 875 2925 ad
901 2847 1194 2927 decernendum
1213 2875 1292 2927 uno

140 2958 277 3067 praelio
301 2960 513 3054 videretur,
544 2988 694 3040 novum
721 2977 856 3040 contra
887 2988 952 3038 me
985 2961 1218 3053 exercitum,
1253 2978 1293 3037 et

142 3071 252 3180 quod
279 3073 505 3153 mirandum
530 3073 589 3166 fit,
610 3071 1011 3179 Medioburgicorum
1030 3091 1069 3152 et
1088 3070 1291 3151 Amstero-

142 3182 387 3265 damenfium
405 3187 445 3266 in
458 3184 590 3263 Gallia
608 3184 876 3265 conscribere:
906 3184 1094 3263 Consules
1114 3185 1234 3263 etiam
1253 3201 1294 3261 et

143 3294 331 3377 Scabinos
348 3324 491 3404 magna
509 3324 603 3376 cum
629 3321 748 3374 manu
769 3294 960 3401 signisque
981 3293 1129 3374 infestis
1148 3294 1293 3375 adven-

143 3423 237 3492 tare.
297 3409 392 3489 Serb
413 3408 570 3487 tandem
591 3406 764 3516 crepsere
791 3433 899 3485 novae
925 3406 1071 3514 copiae3
1102 3405 1181 3483 fine
1201 3406 1292 3512 qui·

143 3516 217 3599 bus
237 3520 365 3629 prima
384 3522 500 3612 acies,
516 3521 672 3628 opinor,
688 3516 816 3597 labare
836 3536 952 3625 atque
972 3514 1167 3596 dehiscere
1181 3517 1291 3595 vide-

142 3629 273 3711 batur.
320 3632 393 3710 Sed
409 3659 478 3710 cur
493 3649 576 3711 tam
591 3630 688 3723 serb,
703 3657 773 3709 cur
789 3629 837 3707 ab
853 3628 1113 3736 extemporali
1129 3624 1292 3707 homine

144 3762 227 3821 tarn
247 3741 355 3824 tarde
374 3744 600 3822 advenerint
620 3741 737 3849 fiquis
756 3743 935 3834 miratur,
950 3758 1058 3819 erant
1077 3738 1223 3818 scilicet
1242 3739 1291 3817 li-

144 3873 234 3934 terae
252 3855 430 3962 quaedam
451 3873 698 3935 mortuorum
721 3855 838 3960 longo
860 3854 931 3932 srtu
952 3850 1152 3944 eruendae,
1184 3870 1292 3929 erant

142 3992 302 4074 quoque
323 3966 486 4046 subfidia
505 3965 585 4046 haec
602 3965 813 4046 consularia
831 3984 912 4044 tarn
932 3964 1059 4071 gravis
1074 3983 1291 4057 armatura,

143 4078 244 4157 mird
261 4079 451 4159 itinerum
472 4082 618 4158 ratione
638 4108 683 4156 ex
707 4078 847 4169 Gallia,
870 4075 963 4155 teste
984 4075 1146 4169 Vlacco‚
1166 4076 1292 4182 trans-

141 4190 347 4270 mittenda:
369 4192 477 4298 Qid
500 4192 525 4269 st
546 4192 667 4270 etiam
687 4188 837 4268 ibidem
855 4187 1124 4267 conficienda?
1149 4189 1293 4295 quibus

141 4297 237 4381 clun
252 4301 333 4411 ipse
347 4304 529 4396 Vlaccus,
542 4300 665 4382 holno
677 4299 926 4408 aeqniffimus,
941 4316 986 4377 ut
998 4298 1186 4378 habeatur
1198 4299 1292 4379 fides

143 4440 221 4492 non
243 4415 424 4522 postulet,
438 4415 501 4494 sed
514 4413 621 4521 quod
640 4440 784 4522 aequum
803 4429 840 4490 et
848 4409 990 4518 justum
1005 4412 1133 4520 cuique
1151 4409 1294 4490 videbi-

142 4544 224 4620 tur,
245 4527 286 4606 id
314 4545 358 4606 ut
375 4526 587 4631 judicetur,
617 4525 666 4603 fic
693 4524 857 4603 omnino
884 4521 1087 4602 faciamus.
1148 4521 1294 4629 Sufficit

147 4640 296 4732 Vlacco,
314 4639 590 4749 Supplementi
609 4634 725 4741 hujus
741 4635 943 4715 collectitii
964 4636 1130 4740 Legat0,
1151 4633 1295 4712 Lesto-

145 4779 235 4833 rum
255 4751 475 4858 curiosttati,
497 4778 573 4830 non
596 4747 861 4829 incredulitati
869 4743 1092 4854 strtisfeciffl
1105 4777 1119 4822 .·
1151 4772 1295 4853 nempe
