2888 5204
144 210 224 290 390
389 163 615 262 Authoris
640 200 726 297 pro
750 161 793 258 se
820 159 1045 260 Defensio

142 345 220 426 hoc
239 345 427 453 quintum
445 345 598 424 crimen
616 343 688 437 est,
708 341 839 452 quibus
852 341 900 448 se
916 358 1042 423 teneat
1057 370 1130 422 non
1138 345 1292 452 populus

140 455 328 563 modd,sed
335 457 396 536 illi
410 457 521 537 etaiam
535 458 602 568 qui
616 484 671 538 me
682 468 915 564 praeceptore
923 454 1022 536 nadis
1031 470 1152 561 egent.
1184 455 1290 563 Qid

143 589 187 650 tu
206 566 310 649 mihi
325 597 406 677 quo
420 569 508 676 quis
522 586 648 676 egeat,
665 566 789 647 homo
804 566 991 647 levissime
1006 584 1048 647 et
1061 566 1291 674 arrogantis·

144 681 266 760 fime?
296 677 386 761 tdne
400 681 597 790 strperiore
613 710 659 760 ex
678 680 751 760 loco
766 698 885 786 egent
904 680 938 758 F
939 679 1105 759 oederati
1125 679 1291 759 Ordines

143 793 431 887 concionatore,
444 821 572 875 mccx
588 791 789 886 inferiore,
801 791 909 899 quod
920 790 1108 871 omnibus
1119 819 1172 871 ex
1185 818 1292 900 aequo

144 905 296 987 civibus
314 905 423 999 licet,
443 904 563 985 nostri
578 932 657 985 non
673 923 756 983 tarn
769 921 911 1012 egeant
925 903 1049 984 libero
1067 901 1292 983 hortatore?

146 1017 310 1111 nonest,
331 1018 467 1110 More,
482 1045 554 1098 cur
568 1044 642 1124 ego
662 1044 728 1096 me
747 1035 887 1096 natum
904 1017 947 1095 in
966 1043 1056 1095 mea
1068 1017 1199 1125 patria
1215 1035 1293 1096 tam

144 1129 329 1210 inutilem
343 1129 584 1222 existimem,
597 1125 693 1210 cirm
705 1147 742 1209 te
758 1130 799 1208 in
810 1128 937 1208 aliena
949 1146 1292 1236 tamarrogantem

146 1243 326 1336 videam;
358 1268 437 1321 non
456 1241 525 1335 est,
545 1269 667 1350 quam
686 1240 739 1321 ob
757 1269 844 1320 rem
870 1260 908 1320 te
935 1240 1120 1321 mercede
1138 1241 1294 1321 concio·

146 1374 322 1448 nantem,
341 1349 464 1462 quam
488 1382 553 1433 me
576 1354 696 1460 gratis
720 1370 948 1433 monentem
974 1353 1143 1432 rectiora
1160 1371 1295 1462 putem

144 1466 251 1576 posse
266 1466 439 1546 suadere.
498 1467 598 1545 Haec
612 1492 701 1545 mea
720 1467 895 1574 quinque
911 1463 1000 1544 sunt
1014 1484 1176 1573 peccata
1191 1492 1294 1544 mor·

147 1577 286 1672 tifera3
318 1605 411 1657 nam
433 1577 501 1657 illa
520 1577 683 1686 septem,
710 1578 865 1687 opinor,
894 1575 1089 1659 conficere
1112 1576 1293 1686 nequisti.

147 1692 212 1769 Ex
231 1717 312 1798 quo
331 1689 584 1794 intelligitur,
606 1690 738 1769 inania
756 1685 879 1798 quim
898 1688 1046 1769 suerint
1063 1716 1153 1796 quae
1170 1687 1296 1769 condo·

146 1801 243 1911 naffl
261 1797 364 1881 mihi
384 1818 422 1879 te
440 1802 555 1895 dicis,
570 1798 666 1881 cirm
685 1803 758 1882 sint
774 1820 856 1881 tam
875 1802 991 1895 levia,
1007 1828 1094 1908 qnae
1109 1803 1295 1881 crimine·

150 1915 214 1994 ris.
275 1912 364 1995 Nisi
391 1931 432 1993 et
457 1912 558 1993 illud
588 1912 689 1994 forte
716 1913 973 1995 criminosum
995 1911 1100 1992 mihi
1123 1915 1185 1993 vis
1210 1912 1295 2005 effe,

147 2024 255 2134 quod
275 2027 412 2106 Deum
432 2025 571 2105 testem
591 2027 831 2120 invocarim3
852 2043 892 2106 et
910 2023 1015 2106 certe
1032 2021 1175 2134 parirm
1195 2023 1298 2104 abest

148 2157 192 2217 ut
206 2137 474 2246 istudquoque
485 2139 766 2218 incriminibus
776 2139 875 2218 meis
886 2164 1083 2218 numeres.
1099 2137 1210 2218 Hinc
1218 2137 1296 2229 illa,

148 2251 293 2358 inquis,
308 2248 727 2357 nriniumstznesollicri‘a
735 2250 961 2359 protestatio.
1014 2254 1216 2367 Qaenam
1231 2247 1297 2329 ista

8 2462 19 2477 ἱ
151 2360 242 2456 fuit,
259 2362 408 2442 More?
437 2362 572 2444 audies
592 2364 655 2443 vel
670 2364 839 2458 invitus3
861 2389 933 2442 nec
948 2362 1059 2442 illam
1077 2389 1187 2441 nunc
1205 2360 1299 2443 reci·

152 2492 209 2567 to,
225 2473 289 2553 sed
308 2474 447 2553 iisdem
465 2477 666 2584 conceptis
679 2475 808 2556 verbis
828 2475 973 2583 (neque
992 2475 1102 2553 enim
1121 2473 1299 2583 poenitet,

152 2604 191 2664 et
205 2584 273 2665 hic
286 2587 406 2665 etiam
422 2590 777 2694 peregrinationem
789 2615 921 2666 meam
933 2586 1203 2693 calumniaris)
1218 2613 1298 2665 rur-

151 2697 211 2776 sus
228 2699 367 2776 Deum
391 2698 530 2777 testem
553 2702 711 2794 invoco,
734 2728 800 2779 me
824 2699 902 2779 illis
917 2698 1101 2779 omnibus
1121 2700 1165 2777 in
1191 2698 1297 2789 locis,

151 2809 220 2888 ubi
240 2829 322 2889 tam
341 2811 468 2890 multa
487 2811 621 2904 licent,
642 2813 689 2893 ab
710 2812 822 2891 omni
841 2810 992 2918 flagitio
1012 2837 1057 2891 ac
1077 2809 1225 2918 probro
1240 2810 1298 2888 in·

151 2939 308 3029 tegrum
328 2941 445 3030 atque
469 2923 661 3003 intactum
680 2923 830 3016 vixisse,
857 2923 957 3003 illud
979 2921 1173 3031 perpetui)
1187 2921 1298 3030 cogi·

151 3051 316 3128 tantem,
337 3034 365 3113 fi
383 3033 594 3115 hominum
614 3035 735 3117 latere
754 3035 889 3115 oculos
909 3034 1071 3144 possem,
1092 3035 1177 3115 Dei
1194 3032 1297 3114 certe

150 3172 228 3225 non
245 3146 365 3255 posse.
425 3148 526 3226 Haec
545 3146 619 3226 tibi
640 3147 790 3228 nimidm
804 3145 971 3252 sollicita
987 3145 1205 3254 protestatio
1230 3146 1296 3237 est,

151 3256 297 3338 More:
328 3259 394 3339 cui
414 3286 493 3338 non
518 3260 644 3366 magis
668 3259 881 3340 sollicitum
903 3260 973 3353 est,
1004 3260 1143 3338 Deum
1162 3257 1298 3338 testem

152 3368 346 3464 invocare,
373 3367 495 3478 quitm
522 3372 750 3451 invocatum
770 3370 956 3480 pejerare.
1017 3367 1158 3480 Qaim
1183 3369 1299 3450 multi

151 3498 192 3560 et
206 3479 327 3588 quim
351 3482 488 3562 multis
514 3482 701 3563 derebus
727 3502 765 3563 te
787 3481 981 3576 accusent,
1008 3509 1087 3561 non
1118 3483 1297 3590 ignoras:

152 3593 251 3670 aude
267 3591 403 3685 modi),
420 3593 546 3701 siquid
559 3595 598 3674 in
621 3615 658 3673 te
676 3595 834 3702 integri,
848 3594 973 3700 fiquid
991 3594 1217 3703 incorrupti
1234 3594 1299 3685 est,

153 3701 292 3781 iisdem
311 3704 456 3811 quibus
480 3732 555 3812 ego
581 3734 686 3786 nunc
705 3707 839 3815 praeivi
864 3707 937 3785 tibi
963 3705 1108 3798 verbis,
1132 3704 1299 3816 teipsum

151 3812 374 3898 defendere.
434 3817 515 3897 Dic
542 3844 614 3924 age
645 3818 686 3897 in
717 3816 800 3898 haec
822 3816 963 3897 verba:
996 3818 1135 3899 Deum
1161 3817 1297 3899 testem

152 3926 293 4006 invoco
313 3956 378 4007 me
396 3926 446 4008 ab
465 3929 649 4010 omnibus
669 3930 747 4010 illis
766 3929 926 4036 flagitiis
944 3956 1119 4037 quorum
1137 3930 1301 4011 infimu-

152 4038 225 4131 lor,
242 4039 441 4146 integrum
455 4058 573 4148 atque
590 4042 782 4122 intactum
797 4041 950 4150 semper
963 4040 1124 4136 vixiffe;
1145 4071 1216 4123 me
1234 4069 1300 4122 ne·

151 4177 230 4339 pue
265 4151 454 4243 Claudiae,
481 4180 609 4260 neque
640 4155 805 4247 Pontiae,
835 4181 964 4261 neque
992 4152 1112 4233 ullius
1139 4155 1302 4234 omnino

169 4288 323 4341 oennnae
344 4263 602 4373 stupratorem
626 4264 699 4344 effe
723 4286 791 4345 aut
814 4266 1053 4346 adulterum.
1113 4266 1217 4347 Non
1235 4295 1301 4347 au-

150 4372 276 4467 debis,
295 4376 451 4483 opinor,
477 4377 627 4457 tametfi
652 4375 767 4458 facile
787 4377 965 4489 perjurus
985 4377 1061 4458 esse
1080 4377 1241 4474 diceris,
1266 4379 1303 4458 in
