2888 5204
156 169 230 265 198
431 155 624 285 Joannis
651 148 856 284 Philippi
879 151 1031 282 'Angli

156 329 401 421 Salmafium,
429 330 499 435 qui
527 327 645 406 libros
668 327 749 433 ejus
773 327 984 465 perlegerit
1006 326 1160 406 abunde
1182 329 1276 407 nbrit.

160 443 257 548 Ego,
279 441 424 548 inquis,
445 439 651 519 libertatem
663 455 748 547 peto
766 468 792 516 a
812 436 1001 544 liberosno
1013 438 1149 548 populo
1163 438 1283 546 Angli-

157 581 261 644 cano,
282 570 326 630 ut
344 549 442 660 quad
455 551 493 631 in
512 579 555 630 re
572 551 676 629 tanti
684 548 854 659 ponderis
873 549 985 630 libert
995 549 1176 656 santiam,
1196 550 1288 630 lilerl

152 664 326 772 proferre
338 663 473 772 poffim.
531 664 649 741 Tune
664 681 707 741 ut
722 663 936 770 quicquam
951 663 1061 771 quod
1077 661 1242 742 liberum
1253 662 1292 741 tit

156 774 278 855 libere
298 775 473 883 proferre
500 775 628 884 poffis,
649 775 892 883 mancipium
914 775 1011 854 aulae
1033 773 1292 866 foediffimum,

159 887 377 967 Straffordii
396 887 585 967 Famulus
600 906 639 966 et
655 887 842 980 minister,
859 886 959 994 gulae
973 887 1098 967 etiam
1112 905 1230 998 atque
1243 887 1295 966 in·

159 1001 272 1106 guini
286 999 501 1109 turpissimd
517 999 682 1079 serviens
697 998 940 1108 Episcopus?
981 1003 1121 1110 Qm
1138 999 1297 1109 populus

157 1115 301 1221 opinor
330 1111 544 1192 Universus
575 1113 623 1191 de
652 1111 828 1192 libertate
857 1111 1163 1191 concionantem
1188 1111 1298 1191 veluti

157 1225 384 1305 obscoenum
399 1244 626 1334 portentum
646 1223 958 1318 abominaretur;
988 1224 1053 1304 vel
1068 1225 1194 1304 etiam
1208 1223 1298 1333 lapi·

156 1337 270 1417 dibus
290 1337 485 1430 obrueret,
505 1357 572 1417 aut
587 1336 712 1444 fiquid
731 1336 881 1427 mitius,
897 1337 1031 1444 ecquis
1050 1333 1134 1415 huc
1153 1335 1299 1415 vincula

158 1468 198 1528 et
209 1451 435 1559 compedes,
448 1450 736 1543 exclamarent;
767 1466 812 1527 ut
829 1447 1002 1527 Romani
1015 1447 1134 1542 olim,
1148 1447 1299 1528 Claudii

157 1562 331 1668 quodam
344 1563 472 1640 aulico
484 1561 533 1640 ad
547 1560 862 1642 concionandum
874 1559 1001 1653 mirso,
1018 1562 1062 1640 Ia
1082 1560 1299 1641 Saturnalia

158 1671 317 1781 repente
330 1672 561 1755 clamabant.
608 1674 719 1754 Nam
732 1671 846 1752 servis
863 1674 1015 1765 Romae,
1028 1671 1102 1751 nifi
1117 1671 1226 1752 festis
1238 1674 1299 1752 Sa·

157 1784 387 1877 turnalibus,
418 1785 538 1865 libere
570 1787 679 1894 loqui
707 1812 784 1864 non
813 1784 967 1863 licebat.
1028 1785 1134 1879 Nos,
1163 1785 1298 1892 inquis,
1338 1848 1341 1885 ÷

142 1895 264 2006 staper
280 1896 432 2003 dajadios
446 1897 628 1978 cantando
646 1897 819 2007 epiniceia
837 1897 1120 2004 triumphamus.
1185 1893 1298 1976 Redi
1337 1896 1341 2023 l

155 2011 318 2117 quidem
339 2009 453 2120 super
477 2008 606 2089 hostes
626 2011 696 2117 qui
715 2027 874 2118 propter
892 2010 1105 2089 commoda
1127 2008 1299 2116 quasdam
1338 2026 1341 2113 ξ

156 2123 221 2202 sua
235 2151 329 2202 cum
346 2142 508 2230 tyranno
527 2122 734 2227 conjurati,
755 2122 921 2230 patriam
937 2120 986 2199 ad
1002 2119 1233 2200 servitutem
1246 2146 1298 2199 re·

154 2235 287 2341 digere
314 2235 578 2315 conabantur:
610 2254 651 2313 et
669 2234 838 2342 epinicia
857 2260 926 2312 nos
945 2232 1111 2339 quidem
1139 2230 1299 2312 minimi

153 2349 336 2425 omnium
356 2345 519 2456 superbe
534 2365 751 2438 cantamus,
772 2347 862 2424 Deo
876 2343 1028 2452 semper
1042 2345 1216 2452 gloriam
1236 2345 1300 2425 tri·

155 2456 329 2551 buimns,
344 2457 497 2538 Verlrm
513 2459 609 2565 quid
629 2459 698 2538 srbi
714 2457 851 2537 volunt
867 2455 1041 2565 epiniceia
1056 2476 1139 2551 tua,
1157 2456 1300 2538 Bardo-

156 2571 337 2649 cuculle?
396 2574 462 2649 An
478 2570 570 2678 quia
592 2590 673 2650 tam
693 2567 843 2648 strenue
863 2571 1091 2678 pergraecari
1104 2568 1239 2650 solitus
1249 2596 1300 2662 es,

156 2682 291 2763 Graecd
314 2682 460 2761 idcircb
478 2683 694 2790 intelligere
713 2702 749 2760 te
767 2683 907 2790 putas?
937 2681 1045 2787 angit
1064 2682 1301 2775 Miltonum,

154 2794 299 2901 inquis,
321 2793 418 2904 quad
433 2795 632 2900 Salmastus
649 2812 847 2874 extraneus
870 2792 1031 2901 aliquam
1049 2794 1224 2874 notitiam
1242 2823 1302 2874 ca·
1321 2859 1327 2873 .

146 2923 255 3014 peret
279 2908 428 2987 illarum
455 2936 699 3016 rerumquae
725 2935 822 2986 nunc
834 2906 944 3012 fiunt
962 2904 1000 2984 in
1020 2905 1168 3013 Anglia
1181 2938 1198 2985 .·
1228 2933 1302 2986 non

153 3018 260 3126 qubd
275 3021 442 3099 notitiam
463 3036 624 3127 caperet,
639 3018 701 3097 sed
713 3018 821 3126 qubd
839 3045 970 3096 rerum
983 3014 1083 3095 nihil
1098 3017 1199 3097 adse
1212 3046 1300 3126 per-

154 3133 365 3212 tinentium
385 3132 575 3211 arbitrum
596 3132 632 3209 se
661 3130 818 3224 faceret,
840 3130 1045 3209 veritatem
1073 3130 1301 3239 turpiffimis

150 3246 363 3325 mendaciis
380 3263 631 3354 perverteret,
644 3272 743 3351 quos
755 3271 833 3322 non
849 3242 973 3334 norat,
987 3240 1028 3319 in
1044 3268 1110 3322 eos
1123 3243 1302 3323 convitiis

150 3375 189 3435 et
208 3358 458 3438 contumeliis
475 3353 737 3435 inveheretur.
798 3358 932 3447 Fures,
952 3353 1097 3461 inquis,
1118 3355 1237 3435 lucem
1254 3355 1302 3435 ti-

150 3490 261 3549 ment.
316 3471 383 3548 Tu
410 3469 530 3576 igitur
560 3467 624 3547 fur
650 3469 832 3547 omnium
859 3467 1044 3576 peffimus
1071 3467 1144 3573 qui
1171 3467 1301 3547 lucem

150 3582 265 3660 times
281 3601 320 3659 et
336 3608 481 3660 nomen
496 3581 610 3659 celas.
672 3583 785 3659 Sacra
804 3580 923 3658 etiam
940 3578 1105 3686 impuris
1121 3578 1301 3659 manibus

151 3697 341 3772 attrectas.
404 3695 519 3772 Prov.
545 3718 610 3797 29.
673 3689 781 3771 Clim
807 3690 901 3770 boni
927 3708 1105 3798 regnant,
1130 3691 1302 3800 populus

151 3807 318 3912 gaudet3
350 3804 444 3885 clim
458 3805 552 3884 mali
565 3805 829 3898 dominantur,
846 3802 1016 3912 populus
1029 3801 1163 3883 dolet:
1195 3804 1302 3883 eride

145 3918 275 3997 caussd
300 3915 394 3996 clim
421 3918 587 3997 Carolus
613 3914 902 4007 dominabatur,
931 3912 1101 4024 populus
1126 3914 1301 3996 dolebat.

149 4032 270 4142 Qud
285 4060 421 4111 omnes
438 4030 525 4110 satis
541 4030 820 4108 meminerunt.
883 4029 1027 4134 Neque
1044 4025 1128 4104 leve
1146 4028 1303 4134 signum

146 4145 215 4239 est,
231 4173 296 4225 eos
310 4143 395 4250 jam
416 4144 600 4253 gaudere,
615 4141 725 4220 bonis
747 4169 872 4249 remp.
891 4136 1142 4265 gerentibus3
1177 4141 1302 4221 Caro·

145 4265 230 4341 lum
251 4260 358 4337 enim
380 4258 546 4348 Filium,
567 4255 688 4333 etiam
714 4282 806 4333 cum
835 4251 1010 4330 exercitu
1032 4277 1118 4354 Jam
1138 4253 1302 4333 venien-

144 4396 240 4465 tem,
255 4391 293 4450 et
310 4371 546 4461 libertatem,
560 4368 638 4474 qual
652 4367 811 4460 incedit,
826 4364 1010 4443 omnibus
1026 4363 1301 4471 pollicentem,
