2888 5204
478 557 752 696 Responsm,
777 588 866 664 etc.
1166 606 1247 690 217

114 735 195 818 labi
213 756 347 846 queat.
408 738 670 847 Suppenemus,
697 739 843 847 inquis,
870 756 975 819 tuem
1000 738 1180 848 rempubl.
1208 741 1246 821 in

112 849 326 948 tirannidem
343 848 578 957 degenerare,
599 879 668 930 non
694 851 830 932 teneris
852 849 993 932 obedire
1015 851 1160 932 illorum
1178 869 1248 961 po-

112 962 221 1071 estati
229 961 252 1040 l
283 963 470 1043 Concede
487 981 530 1042 tu
546 958 713 1071 priiss,s1
729 965 820 1043 Rex
839 964 881 1043 in
901 982 1111 1072 tyrannum
1126 963 1247 1072 dege-

112 1093 262 1168 neraret,
286 1103 366 1155 non
389 1075 512 1155 teneri
536 1095 574 1155 te
603 1076 707 1182 Regi
735 1074 917 1169 obedire;
949 1095 1037 1156 tum
1063 1104 1133 1156 nos
1158 1076 1246 1157 satis

112 1186 248 1267 nature
280 1187 353 1266 tibi
383 1188 432 1266 de
464 1187 666 1295 republica
704 1186 1038 1297 respondebimus.
1099 1189 1247 1282 Potuit,

112 1299 239 1407 nquis,
261 1299 454 1409 Apostolus
476 1296 601 1408 dixffl
622 1298 728 1379 bonos
746 1298 1014 1408 Mogssrotus.
1073 1301 1131 1379 At
1153 1300 1246 1380 vero

112 1430 147 1491 ta
166 1410 321 1505 dixisse,
339 1439 388 1490 ex
404 1410 661 1520 descriptione
678 1408 935 1517 Magistratris
954 1438 1076 1519 quam
1096 1410 1153 1490 ibi
1173 1441 1247 1522 po-

112 1522 183 1615 uit,
198 1521 332 1632 aperte
342 1523 481 1632 liquet.
514 1520 590 1602 Sed
599 1522 713 1615 nullo,
728 1524 873 1629 inquis,
884 1521 1249 1631 argumentosortids

112 1633 286 1715 uincitur
308 1635 407 1742 regis
438 1635 618 1743 Potestas,
645 1631 755 1745 quim
774 1634 870 1744 quod
884 1634 1051 1744 Apostoli
1071 1633 1249 1716 mandent

112 1746 208 1827 sellis
221 1745 481 1827 conditionibus
498 1746 710 1827 limitatam.
760 1749 818 1826 At
830 1747 958 1827 rursus
972 1748 1150 1855 inquam,
1166 1747 1247 1857 ipsa

112 1857 297 1941 otestatis
316 1857 538 1967 descriptio,
556 1886 643 1966 quae
661 1857 917 1968 copiofiffima
936 1859 992 1938 ibi
1012 1858 1082 1953 est,
1108 1861 1247 1940 condi-

112 1970 221 2053 iones
235 1971 399 2080 sapienti
410 1970 564 2050 abunde
577 1970 812 2081 suppeditat.
856 1973 954 2065 Rex,
968 1969 1246 2078 inquis,eiDeo

112 2083 218 2194 effes
233 2083 473 2194 quantumvis
491 2082 609 2163 melus
617 2080 816 2192 serendus,
837 2100 976 2163 cetere
994 2082 1094 2163 male
1113 2083 1151 2163 in
1163 2101 1248 2192 pee-

112 2224 180 2277 ’σπι
198 2197 368 2277 veniunt.
400 2195 521 2305 Qafi
535 2193 628 2275 vero
645 2197 734 2275 Rex
750 2196 870 2274 etiam
886 2195 1012 2276 malus
1031 2195 1073 2273 in
1089 2223 1248 2304 prenam

112 2336 174 2389 ton
185 2310 351 2401 veniret,
365 2309 472 2417 quod
485 2308 557 2387 tibi
570 2307 685 2388 toties
699 2308 740 2386 in
756 2335 822 2387 ore
835 2306 906 2401 est,
922 2305 1087 2386 remediis
1100 2308 1247 2388 idcirco

112 2419 159 2501 el
179 2438 249 2499 tuo
261 2420 414 2525 judicio
433 2417 670 2528 disserendus.
719 2420 903 2513 Multum,
924 2418 1069 2526 inquis,
1087 2421 1248 2500 Miltono

112 2530 224 2613 lebent
246 2532 468 2625 orthodoxi,
488 2530 586 2643 quid
599 2549 677 2612 tem
696 2529 892 2612 ridiculam
911 2531 1105 2639 opinionem
1123 2531 1169 2610 iis
1187 2531 1247 2639 as-

112 2644 273 2753 ignoret,
296 2644 472 2754 populum
487 2643 638 2750 scilicet
662 2642 872 2751 universum
899 2643 1000 2750 Regi
1026 2642 1248 2750 ignovfflmo

112 2756 161 2866 ψ
177 2773 326 2865 parem.
386 2758 541 2865 Magno
570 2754 657 2836 sane
681 2757 863 2836 acumine
888 2757 1140 2836 mendacium
1172 2754 1250 2836 hoc

112 2868 247 2962 'ibras3
287 2867 352 2947 sed
379 2896 521 2978 parum
554 2867 646 2948 inde
675 2867 849 2948 lucraris.
911 2868 1109 2949 Miltonus
1140 2871 1249 2949 enim

112 2981 294 3090 topulum
324 3007 403 3060 non
435 2977 562 3061 solinu
592 3008 730 3090 parem
758 2980 878 3087 Regi,
913 2979 977 3059 sed
1007 2979 1248 3090 superiorem

112 3092 176 3175 'em
230 3092 492 3173 raffirmavit.
551 3093 645 3172 Hoc
665 3092 752 3171 loco
780 3091 1011 3172 sententiam
1035 3092 1145 3173 suam
1169 3121 1249 3173 non

112 3232 170 3286 tro
186 3224 262 3298 ert,
279 3205 510 3284 Salmafium
524 3203 800 3286 tantummodo
817 3204 1055 3313 perstringit,
1075 3206 1183 3312 quod
1198 3233 1249 3285 ex

112 3316 410 3398 iorbonistarum
432 3316 582 3425 scriptis
601 3317 798 3426 populum
812 3316 917 3426 Regi
932 3316 996 3395 vel
1019 3344 1155 3425 parem
1174 3317 1249 3396 effe

112 3430 312 3537 regaverit,
325 3457 447 3538 quem
461 3428 700 3538 superiorem
720 3427 856 3508 dixisse
876 3430 1108 3537 oportuerit.
1167 3429 1250 3508 Ve-

112 3538 188 3623 itm
207 3536 262 3620 iti
285 3539 425 3621 misere
444 3542 630 3621 coecutire
658 3541 770 3634 soles,
794 3559 839 3620 ut
858 3541 900 3620 in
921 3540 1150 3619 Salmafium
1174 3568 1247 3648 pro

112 3653 278 3735 uiltono
311 3655 510 3762 impetum
542 3650 761 3760 saepiuscule
793 3652 924 3732 facias.
984 3652 1083 3732 Haec
1113 3671 1250 3759 praeter

112 3766 266 3875 neptias
283 3764 533 3859 denfiffimas,
556 3792 652 3872 quas
672 3764 774 3845 infra
793 3791 912 3843 omne
932 3760 1155 3873 responsum
1174 3763 1248 3845 effe

112 3879 246 3971 udico,
266 3876 583 3958 confutationum
606 3897 764 3957 tuarum
784 3877 825 3955 in
844 3873 921 3956 hoc
946 3877 1073 3985 capite
1097 3875 1250 3958 summa

112 3989 176 4085 =st;
208 3989 313 4070 unde
331 3992 460 4070 otium
481 3988 592 4069 nobis
611 3986 678 4068 htc
693 3990 814 4068 etiam
830 4006 912 4068 tam
927 3990 1075 4097 pingue
1090 3989 1248 4085 accidit,

112 4121 142 4184 tt
160 4100 290 4182 rursus
308 4121 421 4182 vacet
439 4101 649 4210 elegantias
677 4097 851 4180 hominis
874 4099 1116 4181 nitidiflimas
1135 4102 1251 4209 gleba

112 4212 283 4296 iolorum
299 4214 419 4294 ubere
433 4232 539 4295 natas
551 4214 600 4293 ad
612 4212 802 4292 ornandas
815 4212 1060 4293 Soioecorum
1075 4215 1250 4323 porticus

112 4345 137 4408 u
157 4325 280 4436 spatia
299 4326 523 4439 decerpere.
584 4321 692 4405 Tube
706 4324 873 4431 sonitum
891 4324 1072 4406 incertum
1091 4324 1181 4419 edit,
1205 4343 1249 4406 ut

112 4466 198 4533 ieme
209 4437 259 4544 st
286 4436 340 4519 ed
362 4438 545 4521 colendum
574 4439 700 4519 Deum
721 4454 949 4546 preparare
973 4437 1103 4547 potest.
1162 4439 1252 4518 Non

112 4548 309 4632 miriamur
332 4552 421 4662 quin
442 4550 555 4631 multi
578 4549 801 4657 Religionem
823 4549 1070 4658 Chrssienam
1093 4550 1256 4659 amplexi

112 4663 180 4747 int.
236 4660 431 4773 Tanquam
445 4664 551 4744 nulla
563 4680 647 4743 eret
662 4662 842 4742 melorum
854 4662 1068 4771 principum
1076 4661 1248 4770 potestas.

112 4777 186 4858 Vm
203 4775 294 4887 quin
312 4776 422 4858 Deus
439 4775 559 4858 omnia
574 4775 631 4857 ita
645 4773 828 4883 dsposuit.
860 4775 907 4856 Si
914 4776 1007 4856 enim
1018 4772 1072 4855 ad
1075 4773 1252 4884 populum
