2888 5204
371 595 762 731 supplementum
791 592 1063 730 Responsio.
1208 638 1285 715 411

133 769 319 850 lendum.
377 767 547 864 Verbm,
568 787 613 850 ut
627 769 728 864 dixi,
743 770 876 850 laudes
897 771 982 851 illas
1002 769 1292 880 qualescunque

138 880 345 992 perspecta
366 882 618 992 postmodum
639 902 679 961 et
698 885 857 989 cognita
875 885 963 962 vitae
989 903 1063 963 tuae
1088 885 1294 991 turpitudo

137 994 361 1101 antiquavit
374 995 527 1101 jamdiu
544 1014 661 1102 atque
681 994 850 1073 delevit:
874 1014 917 1073 nt
936 996 984 1074 ad
999 993 1205 1075 infamiam
1223 1025 1295 1105 po-

140 1101 223 1184 tius
243 1125 353 1186 tuam
377 1106 458 1186 haec
484 1108 619 1186 omnia
645 1107 865 1186 conducere
884 1108 1103 1201 videantur,
1123 1109 1193 1216 qui
1213 1126 1295 1188 tam

139 1217 368 1325 praeclaram
388 1218 436 1297 de
458 1237 496 1296 te
517 1219 616 1297 olim
636 1216 849 1297 hominum
863 1219 1110 1326 opinionem,
1124 1220 1295 1299 admiffis

141 1329 185 1407 in
208 1346 245 1407 tc
265 1330 397 1439 postea
418 1347 477 1410 tot
496 1331 662 1438 probris,
684 1348 765 1407 tam
792 1328 895 1408 foedb
924 1328 1125 1411 fefelleris.
1185 1332 1295 1411 Ven-

140 1458 231 1519 tum
256 1441 418 1520 tandem
444 1441 490 1520 ad
514 1442 696 1520 Pontiam
716 1441 795 1534 est;
826 1468 947 1548 quam
975 1441 1026 1520 stc
1052 1439 1073 1520 a
1102 1470 1167 1520 me
1195 1442 1294 1523 falsb

138 1554 387 1632 nominatam
405 1553 619 1633 contendis.
660 1551 852 1659 Egonerb
872 1551 1078 1632 authorem
1101 1556 1293 1633 Batavum

138 1681 183 1742 et
209 1665 453 1745 notissimum
479 1665 579 1744 illud
605 1665 653 1743 de
681 1682 718 1742 te
746 1662 955 1756 distichon,
976 1692 1057 1772 quo
1084 1692 1149 1745 me
1178 1663 1294 1745 facile

139 1771 369 1870 defendam,
391 1775 538 1855 recito:

262 1937 370 2017 Galli
385 1967 430 2017 ex
449 1934 642 2017 concubitu
657 1934 860 2043 gravidam
877 1953 915 2016 tc
931 1937 1070 2017 Pontia
1090 1938 1209 2030 Mori,

256 2049 349 2157 Qui
368 2047 454 2128 bend
472 2068 652 2129 moratam
671 2046 961 2159 morigera'mque
980 2047 1121 2157 neget?

140 2220 345 2314 Bontiam,
359 2219 497 2315 fateor,
511 2221 618 2300 aliud
633 2220 737 2328 apud
754 2246 818 2297 me
834 2220 1143 2329 manuscriptum
1160 2219 1291 2301 habet.

142 2331 222 2411 Sed
243 2333 371 2443 prima
391 2334 600 2440 utrobique
622 2333 746 2424 litera,
762 2358 849 2438 quae
868 2332 945 2411 sola
965 2335 1100 2426 variat,
1122 2332 1294 2438 ejusdem

140 2441 225 2523 ferd
245 2444 350 2552 apud
366 2472 434 2525 vos
455 2444 651 2553 potestatis
671 2443 740 2521 est.
785 2445 970 2521 Alterum
991 2470 1065 2550 ego
1086 2471 1232 2523 nomen
1253 2464 1296 2523 ut

143 2557 291 2649 notius,
304 2576 348 2636 ut
367 2557 583 2664 elegantius
602 2557 704 2634 salvo
717 2554 806 2659 jure
829 2555 1071 2634 Criticorum
1092 2555 1293 2665 praeposui.

142 2667 246 2747 Satis
276 2668 326 2747 de
358 2670 519 2748 nomine
535 2698 547 2763 ;
583 2695 688 2748 nunc
723 2694 808 2745 rem
840 2666 962 2775 ipsam
993 2668 1292 2748 confideremus.

144 2780 251 2890 Qis
271 2798 354 2859 tam
375 2781 430 2858 est
458 2808 559 2873 reus,
580 2781 668 2889 quis
696 2796 778 2857 tam
806 2780 917 2857 omni
945 2805 1086 2885 genere
1114 2781 1296 2858 crimina·

143 2891 301 2970 tionum
320 2890 481 2985 oblitus,
502 2893 587 3001 qui,
608 2892 636 2970 fi
662 2889 764 2969 solus
792 2890 985 2984 audiatur,
1006 2891 1161 2970 causam
1187 2891 1293 2972 suam

140 3002 207 3082 vel
220 3003 408 3083 Casiianis
422 3003 622 3109 judicibus
639 3002 802 3112 probare
818 3030 898 3082 non
913 3005 1059 3110 queat?
1090 3005 1157 3083 Tu
1173 3031 1294 3111 quam

142 3113 310 3195 attulisti
329 3113 445 3220 hujus
465 3116 521 3195 rei
540 3117 816 3208 narrationem,
830 3115 1020 3220 ejusmodi
1035 3115 1105 3210 est,
1119 3136 1162 3196 ut
1178 3143 1296 3196 nemo

141 3224 205 3319 fit,
236 3226 356 3306 modb
388 3228 540 3336 integer
568 3246 685 3335 atque
715 3245 884 3305 attentus
913 3228 1085 3320 accedat,
1112 3229 1209 3335 quin
1240 3248 1293 3321 te,

142 3337 269 3418 etiam
288 3339 473 3419 inauditis
488 3337 773 3419 accusatoribus
788 3339 879 3430 tuis,
893 3339 955 3416 vel
975 3336 1090 3446 plane
1105 3339 1295 3418 condem·

144 3449 338 3545 nandum,
360 3450 420 3530 vel
441 3451 656 3560 suspicione
680 3448 901 3555 gravissima
919 3476 996 3527 non
1017 3448 1296 3530 absolvendum

143 3560 367 3644 arbitretur.
407 3565 563 3644 Uxorem
578 3565 633 3643 ais
648 3561 819 3665 Salmasti
831 3561 1008 3668 graviter
1019 3560 1092 3641 tibi
1106 3561 1295 3669 irfferfiam,

144 3691 185 3753 et
204 3671 247 3753 ob
265 3702 327 3753 eas
345 3676 505 3755 rationes
524 3705 615 3785 quas
640 3702 913 3753 commemorare
940 3700 1018 3751 non
1039 3675 1111 3767 vis,
1132 3672 1228 3753 nihil
1243 3674 1298 3753 in·

144 3803 333 3866 tentatum
352 3787 544 3897 reliquiffc,
566 3805 608 3868 ut
627 3803 664 3865 te
683 3786 722 3865 in
741 3784 878 3894 nqffarn
897 3783 1139 3892 inffaustifflmi
1161 3786 1296 3865 matri-

142 3897 260 3978 monii
269 3899 525 4008 compingeret.
587 3894 768 3978 Primirm
788 3896 887 3977 illud
904 3895 1227 4004 suspicioffimum
1242 3897 1298 3977 est

145 4008 256 4118 quod
271 4010 396 4105 celas3
427 4010 524 4091 illud
538 4037 681 4117 nempe
697 4035 885 4088 arcanum
899 4009 1005 4116 quod
1021 4007 1095 4088 tibi
1112 4026 1193 4088 tam
1210 4038 1298 4089 mo-

145 4120 258 4200 desto
277 4119 432 4202 homini
449 4141 488 4202 et
508 4120 685 4203 ministro
705 4148 870 4200 uxorem
887 4121 1005 4199 amici
1025 4120 1077 4200 sac
1093 4121 1298 4204 inimicam

146 4234 280 4343 potuit
315 4234 489 4314 reddere.
550 4235 708 4313 Mirum
743 4231 884 4313 deinde
922 4233 1140 4313 inimicitiae
1174 4260 1297 4341 genus

147 4370 292 4439 narras,
313 4374 393 4454 quo
413 4344 581 4455 impulsa
600 4371 701 4426 uxor
720 4344 838 4425 amici
859 4344 917 4425 tui
936 4344 1129 4424 famulam
1147 4345 1217 4425 fibi
1236 4346 1298 4424 di·

146 4456 396 4537 leffiffimam
410 4477 582 4568 nuptum
597 4456 670 4537 tibi
685 4457 774 4536 dare
789 4455 985 4564 cupiebat.
1033 4456 1153 4536 Nassa
1165 4477 1298 4537 autem

148 4566 250 4649 illud
273 4571 573 4652 matrimonium
599 4568 670 4678 qui
698 4568 829 4677 potuit
858 4568 968 4647 dicii
1005 4567 1073 4646 nifi
1101 4563 1185 4648 tdte
1211 4594 1299 4647 eam

147 4679 441 4793 vel..sponsrone
468 4682 599 4790 aliqua
625 4679 697 4761 tibi
726 4679 921 4772 induiffes,
947 4678 1010 4759 vel
1034 4678 1161 4759 escam
1188 4679 1299 4759 avidi

148 4793 272 4873 nimis
304 4793 525 4906 appetisses,
550 4811 666 4901 atque
701 4794 754 4872 ita
789 4790 932 4871 merito
966 4789 1299 4885 infaustissimum,
