796 1583
229 281 350 307 Defenfio.
370 283 430 316 Cap.
446 284 468 307 8.
603 293 641 313 ¹53

63 331 85 347 ut
95 327 172 355 populo
180 326 336 350 dominarentur,
347 326 379 346 sed
389 331 411 347 ut
419 333 460 346 rem
469 326 539 354 populi
549 326 649 347 adminis—

63 360 144 376 trarent.
173 355 242 382 Qm
252 355 266 375 fi
276 362 310 375 rex
318 354 385 375 contr&
394 354 470 381 injuriis
480 355 565 378 afficere,
573 359 593 374 et
603 354 648 375 ser—

63 383 128 403 vitute
138 384 251 410 opprimere
261 388 342 403 conatus
352 382 419 406 fuerit,
431 389 456 402 ex
467 382 507 410 ipsa
516 382 566 409 legis
576 383 649 403 nosti-2

64 411 160 431 sententiss
169 418 242 431 nomen
250 411 301 438 regis
309 411 329 430 in
337 417 361 430 eo
372 417 410 431 non
419 411 501 434 constat,
509 417 544 430 rex
554 417 594 430 non
603 411 631 431 est
642 418 647 435 ;

64 439 118 466 qubd
130 439 144 459 fi
154 446 189 459 rex
200 446 239 459 non
252 438 282 462 fit,
295 439 344 466 quid
356 438 384 458 est
395 439 449 465 quod
461 439 479 458 ei
491 445 546 466 pares
559 439 647 466 amplius

64 468 189 494 quaeramus?
204 467 322 494 Tyrannum
330 467 384 487 enim
390 467 433 493 jam
441 474 461 487 re
470 467 510 494 ipsa
520 467 544 487 ab
551 467 647 487 omnibus

65 495 123 515 bonis
126 495 238 522 judicatum
245 495 294 515 nulli
300 502 339 515 non
345 494 389 515 satis
396 502 450 522 pares
456 499 515 522 atque
522 495 587 515 idonei
594 495 647 519 sunt,

66 523 102 550 qui
110 523 207 551 supplicio
216 523 342 543 mactandum
353 522 390 542 esse
400 530 436 550 pro
447 523 540 543 tribunali
547 523 646 549 judicent.

66 551 117 571 Haec
124 558 171 571 cum
181 551 208 571 ita
215 551 259 574 fint.
267 556 297 571 tot
304 551 429 574 testimoniis,
436 555 465 571 tot
473 551 549 578 legibus
558 551 647 578 prolatis,

65 579 145 599 abunde
155 578 193 599 hoc
203 578 294 602 demum,
309 579 363 606 quod
373 583 414 598 erat
423 579 553 606 propositum,
569 578 648 599 eviciffe

65 607 158 630 arbitror,
168 614 215 627 cum
223 607 310 634 judicare
320 613 388 634 regem
400 613 458 634 penes
482 607 548 627 lebem
554 607 600 633 jure
610 614 648 634 op-

66 635 118 655 timo
125 635 154 658 fit,
158 641 244 662 cumque
250 635 305 662 plebs
312 641 379 662 regem
384 635 408 654 de
415 642 463 662 repu
479 635 552 662 .deque
558 634 647 658 ecclefia,

67 663 108 683 fine
115 663 148 690 spe
156 663 196 683 ulla
204 663 297 686 sanitatis,
305 662 386 690 pessime
392 663 486 682 meritum
494 662 591 690 supplicio
600 662 648 682 ulti-

66 697 103 711 mo
110 690 210 714 affecerin
219 690 270 711 recte
279 696 337 717 atque
345 690 421 714 ordine,
427 698 492 718 exque
502 691 648 718 repub.suaque

68 718 116 742 fide,
126 719 230 746 dignitate,
241 719 318 745 legibus
328 718 413 745 denique
438 719 491 738 atriis
499 718 571 739 feciss‘e.
603 719 649 738 Ne-

51 757 60 767 ·
68 754 109 774 que
118 746 195 774 poffum
204 746 237 767 hic
247 754 286 767 non
294 746 388 774 gratulari
396 726 448 766 mizi
455 747 479 766 de
487 746 594 773 majoribus
604 746 648 766 nos-

68 775 112 799 tris,
126 775 162 802 qui
177 782 217 795 non
229 775 307 795 minore
322 775 425 802 prudentia
440 782 462 795 ac
474 774 571 798 libertate,
586 773 648 801 qu5m

69 803 158 823 Romani
173 803 231 826 olim,
246 808 281 823 aut
296 803 412 823 Graecorum
426 803 581 830 praestantiffimi,
597 802 648 822 hanc

67 830 160 858 rempub.
171 831 297 851 instituerunt
306 837 370 858 neque
379 835 473 858 poterunt
482 831 519 855 ilii,
531 830 594 858 liquid
604 830 648 850 nos-

68 864 145 879 trarum
157 866 224 879 rerum
236 859 328 882 sentiunt,
345 865 384 878 non
399 858 433 878 fibi
446 859 507 879 etiam
519 859 612 886 gratulari
623 859 648 878 de

96 886 151 907 stetis
161 887 198 907 suis
204 894 209 909 ;
225 887 260 914 qui
271 891 312 907 tam
322 886 418 914 sapienter
430 887 546 911 institutam,
560 892 613 907 tanta
622 886 648 906 li-

67 894 144 935 {grute
157 914 260 935 fundatam
276 915 301 935 ab
316 915 422 942 impotenti
438 915 489 942 regis
504 915 648 938 dominatione,

68 949 118 963 cum
130 942 202 963 redaCti
212 942 263 970 pene
273 943 293 962 in
304 943 417 963 servitutem
429 943 497 967 effem,
510 948 550 963 tam
563 942 648 966 sortiter,

68 975 152 998 tamque
161 970 268 998 prudenter
278 971 409 991 vindicarunt.

293 1068 360 1088 CAP.
381 1068 421 1088 IX.

129 1124 145 1134 ,γ
174 1111 217 1132 Atis
224 1111 266 1138 jam
277 1111 361 1131 arbitror
370 1110 436 1139 paliim
442 1111 487 1135 effe,
495 1118 563 1138 regem
570 1111 649 1139 Angliae

99 1154 107 1163 r·
118 1141 140 1159 ⁰„
187 1139 247 1159 etiam
263 1140 376 1166 Anglorum
393 1139 470 1166 legibus
484 1139 568 1166 judicari
582 1140 647 1167 poffe;

76 1156 131 1198 131}
141 1166 168 1195 ἰὴ
187 1167 230 1187 suos
243 1167 314 1187 habere
324 1167 402 1194 judices
414 1167 526 1194 legitimum
541 1168 595 1195 quod
608 1173 649 1188 erat

77 1187 102 1205 θ’
130 1191 165 1205 *0⁸*
186 1195 318 1223 probandum.
348 1195 403 1222 Qd
416 1200 438 1215 tu
450 1196 522 1223 porro?
538 1196 594 1222 (nam
606 1204 649 1224 quae

72 1229 106 1245 tua
118 1225 198 1252 repetis,
210 1224 234 1244 ad
247 1231 269 1243 ea
282 1230 321 1243 non
333 1228 421 1251 repetam
434 1224 487 1250 mea)
500 1231 523 1243 ex
536 1224 591 1244 rebus
600 1232 649 1245 nunc

71 1252 114 1280 ipfis
118 1257 199 1280 propter
206 1259 252 1279 quas
262 1251 335 1272 comitia
343 1251 401 1271 indici
401 1251 470 1278 solent,
475 1252 568 1278 proclive,
577 1252 648 1279 inquis,

70 1280 97 1308 est
105 1280 195 1308 estendere
204 1287 265 1307 regem
277 1279 376 1307 efflficpra
389 1279 538 1300 Parlamentum.
569 1280 598 1300 Sit
606 1280 649 1300 ssne

71 1309 160 1341 proclive
170 1313 267 1336 quantum
279 1308 340 1331 voles,
354 1307 374 1327 in
386 1314 427 1334 quo
440 1308 561 1335 praecipitem
573 1312 592 1327 te
607 1307 650 1328 dari

67 1343 112 1364 jam
125 1336 191 1357 statim
202 1336 278 1357 senties.
291 1335 441 1359 Parlamentum,
455 1336 528 1363 inquis,
540 1336 652 1363 congregari
