2888 5204
242 586 297 686 64
520 570 614 663 Pro
637 562 823 698 Populo
847 560 1118 695 Anglicano

240 773 331 824 cero
349 772 420 852 pro
441 742 600 835 Flacco,
624 742 695 821 Illi
714 741 828 849 nostri
835 739 1102 849 supieutffmi,
1122 759 1160 821 et
1175 740 1397 848 stanbiifflmi

240 856 407 961 majores,
421 885 505 965 quae
510 854 689 960 scfieret
696 852 815 962 plebs,
831 882 914 962 quae
922 856 1080 962 populus
1087 852 1256 958 juberet,
1261 853 1397 960 juberi

239 969 434 1076 vetarique
448 969 660 1046 voluerunt.
699 967 809 1044 Hinc
820 967 967 1044 Lucius
979 964 1133 1045 Craffus
1144 967 1291 1046 Orator
1306 966 1391 1044 exi-

241 1076 1391 1186 mius,etSenatfiseotemporeprincepS,cujustumcausam

240 1191 379 1298 agebat
391 1193 437 1270 ad
460 1191 669 1299 populum.
702 1190 843 1282 Nolite,
857 1191 1001 1297 inquit,
1004 1191 1131 1294 fluere
1148 1218 1212 1269 nos
1223 1190 1392 1299 cuiquam

227 1304 381 1412 servire
391 1304 461 1408 πᾷ
469 1302 570 1382 vobis
581 1301 774 1407 univerfis,
780 1300 910 1411 quibus
921 1319 957 1380 et
968 1301 1150 1412 poffumus
1164 1321 1200 1382 et
1212 1300 1388 1383 debemus.

241 1417 435 1524 Qamvis
448 1416 555 1493 enim
569 1418 730 1494 Senatus
750 1414 952 1522 Populum
965 1435 1131 1521 regeret,
1146 1415 1320 1523 populus
1336 1436 1390 1493 ta-

240 1555 334 1607 men
345 1528 456 1605 illam
468 1527 697 1606 moderandi
709 1545 748 1604 et
761 1527 922 1632 regendi
935 1524 990 1604 sui
1000 1527 1233 1634 potestatem
1245 1525 1391 1606 senatui

242 1640 464 1719 tradiderat.
524 1641 643 1718 Unde
662 1637 919 1743 majestatem,
936 1638 1085 1746 populo
1107 1640 1293 1717 Romano
1314 1637 1392 1718 fre-

241 1749 426 1860 quentibs
466 1748 587 1859 quam
625 1750 782 1857 regibus
816 1750 915 1828 olim
947 1749 1176 1829 attributam
1206 1750 1389 1857 legimus.

241 1864 689 1942 IdemMarcusTullius
701 1861 957 1971 proPlancio,
980 1861 1047 1969 Est
1062 1862 1155 1942 enim
1174 1861 1330 1942 conditio
1343 1861 1390 1942 li·

240 1974 409 2054 berorum
422 1977 652 2083 populorum,
665 1972 925 2083 praecipueque
944 1971 1054 2077 hujus
1064 1974 1249 2083 principis
1264 1975 1395 2084 populi

241 2088 439 2167 etomuium
449 2087 616 2193 gentium
627 2086 772 2179 dommi,
780 2085 877 2196 poffi
873 2083 1077 2193 suffragiis
1084 2086 1151 2165 vel
1154 2084 1246 2164 dare
1258 2088 1327 2166 vel
1328 2084 1389 2166 de-

241 2199 394 2280 truhere
406 2197 502 2306 quod
508 2199 601 2278 velit
613 2199 762 2308 cuique,·
778 2199 937 2305 nostrum
949 2197 1115 2306 ssferre
1126 2196 1394 2308 modicipopuli

240 2311 481 2391 voluntates:
512 2312 660 2390 honores
665 2310 709 2414 st
723 2309 852 2416 magui
863 2339 932 2390 non
949 2325 1135 2417 putemus,
1159 2337 1228 2388 nou
1236 2311 1391 2415 sirvine

235 2424 388 2532 populo,·
404 2425 470 2527 stu
489 2451 544 2501 eos
563 2441 788 2532 expetamus,
815 2451 885 2501 non
908 2420 1119 2528 defatigari
1128 2419 1388 2530 supplicando.

242 2539 381 2643 Egone
401 2555 445 2614 ut
466 2562 600 2641 regem
620 2534 759 2643 populi
775 2532 929 2612 servum
941 2534 1069 2612 dicere
1085 2552 1278 2626 metuam,
1296 2531 1390 2614 cum

242 2650 404 2726 Senatus
422 2648 625 2725 Romanus
646 2665 704 2725 tot
723 2673 863 2752 regum
883 2646 1067 2724 dominus
1087 2643 1241 2725 servum
1259 2644 1298 2723 se
1317 2675 1392 2756 po·

214 2758 327 2866 ‘puli
346 2755 533 2866 profeffus
554 2757 624 2837 s1t?
664 2759 769 2836 Vera
787 2757 874 2835 sunt
893 2753 989 2849 haec,
1010 2756 1178 2866 inquies,
1197 2758 1240 2836 in
1260 2785 1390 2867 popu·

241 2871 312 2949 lari
333 2869 456 2962 statu;
479 2871 656 2948 nondum
676 2870 784 2947 enim
799 2869 864 2947 lex
882 2870 988 2975 regia
1003 2867 1236 2978 potestatem
1251 2869 1390 2979 populi

240 2982 280 3058 in
297 2980 540 3088 Augustum,
555 3001 595 3060 et
614 2979 840 3060 succeffores
859 2980 941 3085 ejus
962 2980 1219 3060 transtulerat.
1279 2981 1391 3062 Hem

241 3093 312 3171 tibi
329 3091 424 3199 ergb
436 3092 648 3172 Tiberium
667 3093 784 3171 illum
799 3120 922 3200 quem
942 3112 985 3172 tu
1004 3112 1202 3203 tyrannum
1206 3093 1298 3201 plus
1309 3094 1391 3174 vim

225 3205 394 3314 stmplici
410 3202 520 3283 fuiffe
541 3206 610 3298 ais,
637 3224 681 3284 ut
703 3232 835 3283 revera
859 3202 949 3298 fuit,
975 3205 1007 3283 is
1031 3225 1162 3284 tamen
1187 3206 1389 3299 dominus,

238 3318 359 3395 etiam
379 3315 464 3424 post
480 3316 611 3424 legem
626 3317 736 3395 illam
751 3315 917 3422 regiam,
933 3317 1150 3424 appellatus
1165 3313 1187 3395 ὲ
1200 3317 1390 3425 quodam,

239 3448 285 3508 ut
305 3429 420 3507 tradit
433 3429 656 3521 Suetonius,
673 3429 920 3508 denuntiavit
939 3455 988 3507 ne
1007 3429 1042 3507 se
1059 3424 1228 3537 amplibs
1247 3450 1390 3509 contu-

238 3541 366 3623 meliae
384 3539 496 3619 causa
513 3541 745 3619 nominaret.
792 3538 993 3619 Audisne?
1025 3559 1210 3647 tyrannus
1228 3540 1298 3619 iste
1317 3543 1390 3621 do-

240 3655 371 3732 minus
391 3653 469 3732 dici
490 3652 738 3732 contumeliae
757 3651 827 3729 fibi
847 3652 975 3729 duxit.
1035 3650 1148 3730 Idem
1168 3653 1209 3729 in
1229 3653 1389 3752 Senatu,

241 3766 344 3846 Dixi
359 3782 397 3843 et
411 3793 522 3857 nunc,
547 3782 584 3842 et
599 3763 704 3871 saepe
724 3761 834 3856 alius,
858 3765 997 3843 Patres
1027 3761 1235 3872 cotfiripti,
1261 3762 1390 3845 bouum

240 3894 278 3955 et
292 3877 504 3981 salutarem
524 3874 743 3983 principem,
763 3903 865 3982 quem
888 3904 953 3953 vos
976 3876 1088 3954 tuntd
1111 3893 1148 3954 et
1169 3894 1248 3955 tam
1272 3875 1391 3956 libert

234 3987 411 4096 potestate
430 3985 663 4093 iustruxssis,
686 3987 845 4065 Senatui
847 3985 1001 4091 servire
1019 3986 1159 4080 debere,
1179 4005 1217 4066 et
1235 3987 1390 4068 uniuer-

226 4101 286 4204 sts
304 4096 448 4176 civibus
462 4096 581 4205 supi,
602 4115 639 4175 et
651 4098 866 4207 plerumque
887 4098 997 4177 etiam
1009 4098 1194 4204 stngulis,·
1222 4128 1337 4209 neque
1353 4098 1395 4179 id

239 4208 365 4319 dixiffl
382 4240 438 4288 me
449 4208 633 4318 poeniten
664 4227 701 4287 et
730 4208 834 4287 bonos
862 4228 898 4289 et
922 4239 1042 4318 aequos
1067 4229 1104 4289 et
1113 4209 1299 4319 faventes
1324 4239 1390 4290 vos

239 4321 355 4401 habui
365 4321 553 4414 Dominus,
570 4336 606 4399 et
620 4319 743 4399 adhuc
761 4319 883 4399 habeo.
945 4322 1035 4401 Nec
1054 4320 1231 4401 stmulata
1245 4320 1328 4402 haec
1341 4322 1388 4403 ab

241 4463 288 4513 eo
314 4433 520 4525 srdixeris,
547 4452 592 4511 ut
613 4451 697 4510 erat
727 4431 934 4512 fimulandi
964 4433 1246 4527 callidiffimus,
1274 4436 1389 4543 quic·

240 4574 361 4654 quam
382 4543 585 4652 proficies3
618 4545 705 4651 quis
724 4544 832 4622 enim
852 4542 891 4622 id
916 4545 1041 4623 videri
1066 4544 1103 4624 se
1130 4546 1256 4655 cupit,
1282 4546 1389 4682 quod

241 4657 316 4737 effe
337 4684 414 4735 non
435 4654 564 4734 debet.
626 4656 735 4734 Hinc
764 4655 828 4733 ille
856 4683 941 4736 mos
966 4685 1045 4735 non
1067 4658 1222 4739 Neroni
1246 4656 1389 4752 solum,

240 4770 347 4877 quod
368 4766 499 4847 scribit
510 4767 687 4861 Tacitus,
710 4766 772 4845 sed
793 4768 937 4846 caeteris
953 4770 1073 4848 etiam
1087 4769 1390 4878 imperatoribus
