2888 5204
408 621 411 626 ·
458 572 698 676 Defensio.
729 582 856 712 Cap.
885 583 933 674 6.
1194 616 1267 671 121

124 756 269 832 nomen
288 770 331 832 et
350 779 436 832 rem
460 753 611 861 regiam
637 751 703 832 sui
722 751 799 832 fide
820 749 963 831 salvam
983 750 1066 858 regi
1085 748 1272 859 praestite·

124 862 214 957 rint,
226 865 348 944 etiam
364 864 433 943 ubi
447 865 618 974 populus
630 891 748 973 penes
762 861 798 942 se
815 861 1009 943 summam
1023 862 1271 972 potestatem,

124 974 273 1054 tametsi
292 984 476 1056 exercere
501 1004 580 1056 non
603 974 710 1067 solet,
736 994 883 1068 tamen,
907 974 1061 1083 quoties
1080 1001 1179 1082 opus
1200 972 1271 1064 est,

124 1085 286 1180 obtinet,
300 1087 653 1195 nolitamangusto
666 1089 800 1167 animo
811 1085 972 1165 summa
983 1112 1115 1165 rerum
1126 1085 1273 1164 Gram-

124 1198 384 1294 maticalium,
397 1197 474 1281 hoc
485 1199 541 1279 est
551 1197 850 1292 vocabulorum,
858 1198 910 1278 fic
919 1198 1129 1290 timere,ut
1142 1196 1272 1305 potius

124 1307 243 1418 quim
262 1309 432 1416 glossarii
452 1311 510 1390 tui
529 1310 627 1390 ratio
644 1309 836 1404 turbetur,
851 1327 919 1389 aut
933 1309 1160 1388 detrimenti
1175 1306 1273 1414 quid

124 1423 268 1530 capiat,
280 1421 445 1529 prodere
464 1421 687 1502 libertatem
702 1422 900 1514 omnium,
912 1438 952 1499 et
967 1419 1149 1530 rempub.
1163 1418 1272 1499 velis.

124 1533 231 1618 Scito
259 1534 380 1613 etiam
405 1531 565 1627 dehinc,
596 1533 759 1614 nomina
781 1531 896 1620 rebus
922 1530 1076 1623 servire,
1106 1558 1186 1612 non
1212 1557 1272 1609 res

124 1643 382 1737 nominibus;
412 1647 467 1725 ita
497 1644 585 1753 plus
616 1644 752 1753 sapies,
784 1671 857 1723 nec
880 1642 919 1723 in
942 1642 1140 1750 infinitum,
1168 1640 1276 1750 quod

124 1755 285 1849 metuis,
309 1755 391 1836 ibis.
455 1755 617 1865 Frustra
644 1784 731 1863 ergo
766 1756 902 1835 Seneca
930 1753 1012 1834 tria
1040 1754 1108 1834 illa
1135 1781 1275 1861 genera

124 1867 286 1964 (latarum
311 1869 369 1948 ita
391 1866 576 1973 describit.
636 1867 670 1945 F
672 1866 859 1947 rustretur
879 1867 1037 1960 Seneca,
1065 1892 1134 1945 nos
1160 1864 1275 1944 liberi

124 1978 269 2073 limus3
291 1997 331 2058 et
344 1979 415 2058 nisr
430 1977 558 2073 fallor,
575 1978 700 2058 nonii
718 1976 850 2059 sumus
862 2005 961 2086 quos
975 1977 1110 2057 Flores
1122 1979 1276 2057 senecae

124 2089 164 2169 in
184 2088 416 2170 servitutem
435 2091 633 2170 reducant.
693 2091 840 2169 Seneca
858 2107 1007 2182 autem,
1031 2088 1060 2169 fi
1079 2088 1275 2168 summam

125 2201 167 2282 in
188 2229 271 2281 uno
290 2203 521 2311 potestatem
544 2201 618 2282 effe
638 2199 749 2295 dicit,
771 2201 902 2310 populi
921 2219 1053 2281 tamen
1076 2230 1154 2280 eum
1180 2200 1278 2280 dicit

124 2312 204 2423 ff,
232 2313 480 2394 commissam
498 2313 683 2394 videlicet
708 2314 793 2420 regi
815 2312 864 2393 ad
891 2311 1056 2392 salutem
1077 2312 1278 2404 omnium,

124 2451 206 2507 non
225 2424 277 2505 ad
293 2426 536 2534 perniciem
558 2452 632 2505 nec
650 2425 863 2532 mancipi0,
882 2422 946 2504 sed
961 2423 1031 2502 usu
1050 2419 1277 2504 duntaxati

126 2537 280 2645 populo
298 2535 442 2618 datam.
504 2539 592 2617 Non
609 2535 695 2643 jam
719 2564 805 2642 ergo
821 2552 894 2645 per
913 2537 1038 2616 Deum
1064 2563 1169 2642 reges
1190 2562 1279 2641 reg-

126 2665 239 2740 nant,
245 2646 321 2754 sed
327 2666 401 2758 per
412 2650 601 2757 populun.
647 2648 768 2755 Qafi
780 2646 873 2727 verb
885 2648 998 2727 Deus
1012 2674 1090 2726 non
1102 2647 1156 2726 ita
1169 2663 1279 2754 regat

127 2759 344 2868 populum,
364 2779 409 2839 ut
428 2761 494 2839 cui
514 2762 624 2840 Deus
640 2758 739 2853 vult,
760 2786 927 2867 regnum
944 2759 1068 2838 tradat
1083 2759 1277 2867 populus;

128 2897 227 2951 cum
243 2871 285 2949 in
298 2872 387 2981 ipsis
402 2870 710 2952 institutionibus
724 2871 944 2979 Imperator
955 2868 1196 2974 Justinianus
1210 2899 1281 2979 pa-

128 2978 213 3062 lim
232 2981 429 3089 agnoscat,
457 2983 599 3063 exinde
620 2981 786 3062 Caesares
809 2982 996 3089 regnasse,
1028 3011 1078 3061 ex
1104 3011 1186 3090 quo
1204 2984 1282 3089 lege

126 3093 240 3202 regias
252 3095 411 3204 populus
436 3094 482 3174 iis
499 3114 537 3176 et
555 3094 593 3175 in
612 3123 669 3175 eos
687 3123 785 3174 omne
803 3092 993 3203 imperium
1008 3093 1138 3200 strum,
1156 3112 1194 3175 et
1208 3111 1280 3203 po·
1413 3090 1420 3097 ’

129 3205 297 3314 testatem
329 3206 502 3311 concfft.
561 3205 637 3285 Sed
667 3203 870 3313 quousque
896 3204 967 3285 ista
994 3207 1281 3313 recoquemus?

130 3344 220 3425 quae
232 3317 318 3423 jam
334 3318 448 3398 toties
464 3316 732 3400 refutavimus.
773 3316 936 3410 Rursus,
951 3319 1059 3425 quod
1075 3318 1282 3425 ingenium

129 3445 249 3509 tuum
269 3430 517 3539 importuum
532 3447 571 3508 et
587 3429 749 3536 agreste,
765 3455 893 3508 mores
909 3429 1161 3509 odiosiffimos
1176 3429 1282 3507 indi-

127 3557 209 3632 cat,
224 3538 267 3619 id
285 3540 413 3621 nostra
431 3538 568 3649 repub.
586 3568 672 3648 quae
690 3540 738 3620 ad
759 3560 796 3620 te
816 3539 917 3620 nihil
936 3541 1121 3648 pertinet,
1141 3538 1281 3620 alieni-

129 3677 234 3758 gena
246 3669 287 3732 et
299 3652 526 3762 peregrinus
541 3651 739 3732 curiosum
754 3670 792 3732 te
807 3651 939 3732 infers.
972 3649 1130 3731 Accede
1144 3651 1281 3755 igitur,

132 3779 181 3842 ut
199 3779 238 3842 te
254 3781 362 3843 tanto
378 3763 574 3843 ardelione
586 3762 756 3870 dignum
770 3763 839 3858 est,
854 3791 950 3843 cum
961 3763 1104 3871 insigni
1119 3760 1285 3842 soloecis-

131 3900 218 3953 mo.
276 3873 475 3983 Qicquid,
496 3876 642 3982 inquis,
667 3876 727 3955 illi
740 3874 886 3983 perditi
900 3874 1056 3955 homines
1073 3874 1216 3968 dicunt,
1236 3873 1290 3955 ad

126 3984 306 4094 populm
323 3985 567 4094 decipiendum
579 3987 784 4095 pertinent.
836 3988 875 4065 Ο
897 3984 1098 4067 scelerate!
1119 3984 1286 4067 hoccine

131 4114 231 4190 erat,
246 4095 354 4205 qubd
368 4098 594 4178 deminutus
606 4098 733 4206 capite
750 4098 1043 4178 Grammaticus
1057 4099 1098 4178 in
1113 4099 1284 4179 nostram

132 4208 320 4317 rempub.
342 4229 380 4290 te
400 4210 577 4316 ingerere
596 4209 796 4318 cupiebas,
813 4228 857 4289 ut
876 4208 1099 4290 soloecismis
1117 4238 1188 4290 nos
1208 4211 1286 4290 tuis

132 4339 175 4399 et
190 4317 433 4400 barbarismis
447 4320 656 4429 oppleresi
687 4319 841 4401 Verirm
858 4338 901 4400 tu
917 4322 980 4400 dic
996 4322 1190 4432 populum
1203 4349 1285 4429 quo

132 4433 256 4513 modo
275 4431 532 4541 decepimus?
563 4432 701 4513 Forma
718 4432 905 4540 regiminis
923 4462 1031 4543 quam
1050 4433 1287 4514 introduxere

132 4571 205 4623 non
294 4544 414 4623 ularis
435 4543 497 4653 est,
508 4540 583 4649 sed
596 4544 785 4625 militares.
844 4544 919 4624 Ista
938 4543 1084 4625 scilicet
1102 4571 1199 4652 grex
1219 4544 1287 4623 ille

132 4682 185 4765 pe
252 4680 394 4763 garum
415 4655 639 4735 mercedula
657 4657 898 4736 conductum
910 4655 1020 4762 juffit
1038 4675 1075 4736 te
1095 4653 1284 4736 scribere:

128 4794 213 4849 non
234 4766 309 4849 tibi
326 4766 465 4880 igitur,
480 4767 551 4876 qui
567 4793 612 4848 ea
631 4766 760 4863 blatis,
777 4796 948 4877 quorum
964 4765 1065 4849 nihil
1084 4766 1287 4876 intelligis,
