2888 5204
152 211 229 292 272
423 172 514 263 Pro
540 164 724 300 Populo
750 162 1019 295 Anglicano

259 339 364 426 Ailou
382 341 469 447 χεῖρ’
487 337 633 451 ὑπηρέτῃ
643 339 748 441 φίλω.

259 458 330 536 Du
347 482 494 534 manum
511 452 605 534 mini
653 483 672 534 o
689 452 818 534 amico.

258 609 362 695 Ailou
381 607 453 721 lippi
463 607 524 708 σὺ
536 610 623 720 χεῖρ’
637 607 822 716 ilapioul'
837 608 920 715 ἔγοῖ.

203 729 273 807 Da
292 725 379 806 collo
396 752 544 805 manum
563 743 681 817 tuam,
704 723 836 804 dublor
852 740 977 804 autem
995 723 1075 804 via
1091 752 1156 804 ero
1173 722 1241 803 tibi

312 865 389 945 ego.
449 836 512 916 Id.
533 835 694 916 inHer.
716 833 862 915 forent.

203 1013 302 1096 Non
322 1011 430 1091 enim
453 1007 531 1091 hoc
552 1009 642 1090 casu
669 1006 818 1089 factum
844 1037 910 1090 me
932 1011 1102 1091 omnino
1127 1009 1282 1101 nullum,

146 1152 226 1207 non
244 1123 435 1233 quicquid
455 1121 511 1202 est
530 1121 644 1231 probi
664 1140 732 1201 aut
750 1122 899 1202 cordati
917 1119 1110 1215 hominis,
1127 1123 1282 1232 politum

148 1240 188 1317 in
207 1238 332 1318 oculis
351 1253 492 1345 putant
510 1233 599 1313 elle.
630 1233 745 1339 Quin
759 1253 799 1314 et
814 1233 959 1313 summi
973 1261 1138 1342 quoque
1160 1235 1199 1313 in
1215 1235 1283 1313 Re·

148 1349 260 1460 publ.
274 1350 362 1442 viri,
382 1345 702 1456 quandoquidem
714 1372 792 1424 non
804 1347 887 1426 otio
901 1362 1127 1453 torpentem
1141 1343 1282 1439 mosel

148 1461 368 1570 impigrum
395 1478 435 1538 et
463 1457 618 1537 summa
643 1455 867 1537 discrimina
892 1484 965 1566 pro
990 1455 1177 1537 libertate
1200 1459 1283 1537 inter

148 1575 297 1682 primos
309 1571 519 1652 adeuntem
530 1568 637 1648 oculi
646 1567 911 1661 deseruerunt,
922 1567 992 1677 ipfi
1005 1595 1088 1648 non
1100 1567 1282 1661 deserunt,

148 1680 287 1764 verum
299 1679 472 1762 humana
482 1680 615 1788 qualia
625 1679 850 1776 fint,secum
862 1697 1284 1791 reputantes,tanquan

148 1795 314 1877 emerito
341 1790 486 1887 favent,
513 1793 735 1900 indulgent,
759 1794 1002 1873 vacationem
1027 1810 1152 1901 atque
1170 1793 1284 1873 otium

148 1907 281 1990 faciles
299 1904 542 1999 concedunt;
569 1904 598 1983 fi
616 1903 787 2013 quidest
805 1903 1040 1998 ornamenti,
1066 1929 1151 1985 non
1170 1903 1284 1987 deta·

148 2019 277 2101 hunt:
303 2018 330 2098 fi
350 2016 448 2125 quid
466 2015 617 2126 publici
636 2016 825 2111 muneris,
840 2042 919 2097 non
932 2014 1140 2096 adimunt:
1158 2015 1188 2096 fi
1203 2013 1285 2127 quill

146 2159 264 2214 exea
286 2158 326 2209 re
349 2128 568 2221 commodi,
599 2154 677 2207 non
702 2129 909 2208 minuunt:
938 2145 979 2207 et
1002 2128 1191 2234 quamvis
1218 2152 1283 2209 non

147 2241 255 2353 aequl
275 2268 380 2321 nunc
404 2240 509 2334 utili,
535 2238 786 2349 praebendum
812 2236 940 2319 nihilo
965 2241 1101 2320 minus
1124 2235 1285 2349 benigul

145 2355 326 2437 censent:
351 2352 492 2432 eodem
507 2349 623 2462 plane
643 2347 807 2445 honore,
823 2377 868 2430 ac
888 2350 931 2444 fi,
946 2368 991 2430 ut
1005 2352 1107 2433 olim
1121 2349 1283 2433 Atheni·

147 2469 299 2547 colibus
318 2492 405 2544 mos
423 2482 519 2556 erat,
543 2465 584 2541 in
605 2459 799 2570 Prytaneo
821 2461 1007 2542 alendum
1026 2462 1281 2545 decreviffeut.

149 2582 212 2659 Sic
232 2574 334 2658 mihi
353 2596 394 2657 et
410 2575 515 2685 apud
534 2576 672 2654 Deum
691 2593 731 2654 et
747 2575 852 2684 apud
875 2570 1055 2653 homines
1078 2577 1282 2656 caecitatem

148 2690 260 2771 solari
281 2716 412 2768 meam
436 2686 611 2795 quandiu
635 2687 803 2779 licuerit,
828 2684 982 2765 amilius
1005 2683 1162 2767 honesti
1184 2682 1282 2767 causa

147 2803 299 2894 oculos,
324 2827 442 2879 nemo
463 2825 571 2879 meos
591 2798 738 2905 lugeat,
771 2797 867 2877 absit
885 2823 1044 2905 quoque
1064 2817 1113 2879 ut
1131 2798 1213 2909 ipse
1231 2798 1284 2877 lu·

146 2943 277 3024 geam,
293 2930 361 2991 aut
376 2911 438 2990 vel
452 2910 576 2989 animi
593 2908 680 2989 satis
697 2927 739 2988 ut
759 2936 807 2988 ne
823 2905 990 2988 habeam
1009 2936 1092 3017 quo
1111 2908 1281 2991 caecitatis

146 3026 420 3108 convitiatores
440 3019 556 3102 facile
574 3021 715 3129 poffim
734 3039 998 3117 contemnere,
1017 3020 1080 3100 vel
1100 3023 1222 3101 veniae
1247 3034 1283 3099 ut

145 3167 194 3220 ne
209 3137 350 3248 poffim
370 3133 522 3214 facilius
541 3132 775 3212 condonare.
820 3131 885 3211 Ad
901 3151 954 3225 te,
972 3131 1151 3240 quisquis
1163 3158 1283 3228 eare-

146 3253 235 3345 deo,
255 3248 325 3358 qui
345 3274 486 3356 parurn
506 3243 578 3324 tibi
597 3242 788 3337 constans,
804 3269 909 3323 nunc
927 3242 1195 3353 pumilionem
1213 3270 1282 3335 me,

145 3390 250 3443 nunc
270 3362 456 3440 Antaeum
471 3358 528 3436 vis
544 3354 617 3434 elle
634 3384 644 3433 :
675 3357 764 3435 Non
781 3353 889 3436 alind
902 3353 1103 3463 postremo
1118 3376 1230 3465 optas
1241 3353 1282 3435 li·

147 3467 500 3578 bentiisfoederatis
511 3465 639 3574 Belgii
647 3464 874 3561 Provinciis,
886 3465 996 3574 quim
1009 3483 1054 3546 ut
1067 3465 1283 3575 tamfacill,

144 3584 292 3694 tquue
295 3582 469 3690 feliciter
486 3578 744 3687 defungantur
761 3580 826 3659 hoc
846 3579 962 3671 Bello,
986 3575 1098 3686 quum
1117 3577 1283 3687 defunge-
1323 3616 1327 3671 ς

144 3718 212 3781 tur
226 3694 423 3799 Salmaſsus
437 3690 624 3772 Miltonu.
684 3690 764 3770 Cui
783 3717 859 3798 ego
872 3708 966 3770 voto
985 3689 1013 3769 fi
1033 3687 1153 3770 facile
1171 3690 1284 3771 allen·
1325 3758 1327 3767 .

145 3811 243 3903 sero,
257 3804 422 3886 arbitror
437 3829 502 3881 me
515 3799 653 3881 nostris
668 3800 1283 3911 succeffibusReiqueAnglicanae

145 3947 217 4002 nec
236 3915 404 3999 ominari
422 3911 541 4006 male,
562 3940 635 3993 nec
654 3911 756 3992 male
775 3915 938 4022 precari.

203 4032 266 4110 En
285 4024 379 4106 vero
404 4025 549 4103 iterum
571 4023 800 4116 clamorem,
828 4024 1004 4105 alienum
1028 4025 1231 4134 quendam
1248 4039 1285 4103 et

145 4136 366 4225 stridulum!
382 4135 530 4216 anseres
546 4155 643 4245 puto
652 4136 832 4216 alicunde
847 4136 1045 4218 advolare:
1061 4138 1157 4243 Jam
1171 4136 1283 4218 sentio

145 4256 240 4365 quid
255 4248 488 4347 fit,memini
502 4248 684 4328 clamoris
698 4246 799 4327 hanc
812 4246 886 4327 effe
900 4250 1150 4357 tragoediam,
1162 4247 1283 4360 prodit

147 4367 329 4449 Chorus:
359 4391 408 4444 en
428 4362 508 4441 duo
524 4359 727 4454 Poetastri,
748 4359 810 4438 vel
824 4361 905 4441 duo
919 4361 982 4442 vel
998 4387 1115 4457 unus,
1129 4356 1283 4443 biformi
