796 1583
273 288 385 314 Defenfio
398 289 512 314 Secunda.
641 300 666 320 30
669 300 679 320 5

99 333 219 354 mandatum
228 334 299 354 dedisse
310 334 358 358 filio,
369 339 390 354 ut
393 334 437 361 staae
446 334 495 354 necis
504 334 613 354 authoribus
620 335 679 361 ignqs-

99 366 161 386 cer-et,
167 361 199 382 vel
207 362 221 382 fi
229 361 267 382 hoc
274 362 348 390 palum,
358 362 412 382 aliud
423 367 488 382 tamen
498 362 611 382 clanculum
622 369 678 382 man-

99 390 161 414 daffe,
176 391 297 417 argumentis
312 397 351 410 non
368 390 444 410 levibus
459 390 587 410 demonstrari
602 391 664 418 potest
673 398 678 411 τ

99 424 150 438 nam
163 418 222 442 filius,
232 419 307 445 alioqui
316 419 361 446 plus
373 418 416 438 satis
428 419 479 446 patri
490 418 605 446 obsequens,
618 419 678 445 patris

99 446 215 473 graviffimo
229 451 287 474 atque
301 447 372 467 ultirno
384 453 445 474 praeee
461 451 481 466 to
492 451 532 466 tam
543 446 632 474 religiose
643 447 678 467 fibi

99 474 265 507 perEpiscopunr
270 475 348 498 tradito,
355 474 407 494 haud
417 454 476 494 dufiib.
486 475 589 502 paruisset.
600 475 635 502 qui
642 482 678 495 au-

99 507 144 522 tem
168 503 226 526 aruit,
234 502 289 529 cujus
297 502 327 522 vel
332 502 383 529 jussu
390 503 422 522 vel
432 502 549 522 authoritate
559 503 599 523 duo
608 503 678 530 Legati

99 530 170 554 nostri,
178 530 240 550 alter'
235 537 255 550 in
263 530 464 554 Hollandia,alter'1n
471 530 574 563 Hispania,
585 530 644 550 ethic
653 538 677 551 ne

99 558 210 586 suspicione
228 559 309 585 quidem
326 558 365 578 ulla
381 559 438 585 regiae
454 558 506 578 necis
521 565 572 582 reus,
587 559 677 579 trucidati

99 586 161 606 sunt?
172 587 206 613 qui
216 586 302 614 denique
312 586 364 606 haud
375 586 434 606 semel
444 586 515 613 stripto
525 587 605 614 publico
614 587 677 607 edixit

99 619 162 641 utque
171 614 263 634 omnibus
275 615 341 642 palam
351 614 406 637 fecit,
419 615 437 634 se
447 614 499 634 nolle
509 615 568 642 patris
578 614 606 634 sui
617 615 677 635 inter-

99 642 209 662 ffloribus
215 642 256 662 ullo
264 644 321 670 pasto
329 643 406 662 veniam
414 642 531 662 concedere.
528 643 534 657 Ρ
549 642 622 662 Hanc'
617 643 678 670 igitur

99 670 268 690 narratiunculam
281 675 336 690 tuam
346 670 390 690 vide
400 677 424 690 an
435 677 501 690 veram
511 667 548 690 esse
558 671 619 694 velis;
649 678 677 691 uae

99 697 144 726 quo
151 699 214 725 magis
224 698 322 718 collaudat
332 703 416 725 patrem,
426 698 451 718 εὸ
461 698 523 725 magis
532 699 628 725 vituperat
652 699 677 718 li-

99 733 143 747 um.
175 726 237 746 Nunc
248 726 331 746 instituti
340 726 420 750 oblitus,
431 733 469 746 non
483 726 533 753 regii
546 726 643 753 sanguinis
653 727 677 746 ad

99 754 184 778 coelum,
194 754 225 774 sed
238 754 308 781 populi
319 754 342 774 ad
357 755 451 774 Senatum
462 754 556 774 clamores
568 755 676 777 ementitis,

99 782 231 803 odiofiffimus
237 782 280 810 post
287 782 402 802 Salmafium
408 783 428 802 in
432 782 543 810 Republica
549 782 611 802 aliena
618 789 677 810 prag-

99 811 186 831 maticus
194 815 214 830 et
223 810 304 834 ardelio,
314 811 349 837 qui
362 815 402 830 tam
414 810 466 830 foede
479 810 583 838 praesertim
595 817 624 830 res
635 815 676 830 tuas

99 839 157 859 domi
165 845 217 865 agas.
232 838 303 858 Tuaine
312 845 367 862 voce,
376 838 513 866 impurissime,
521 838 606 866 populus
616 845 651 865 pro
658 838 676 858 se

100 871 176 890 utatur,
182 866 237 893 cujus
244 866 329 886 halitum
334 866 399 894 ipsum
405 867 444 886 oris
450 866 482 886 lue
488 873 570 886 venerea
576 866 676 890 foetidum,

102 901 164 922 purus
183 895 248 914 omnis
260 894 391 914 aversaretur?
412 899 433 914 tu
448 894 495 914 vero
511 894 639 922 perfugarum
654 901 677 915 ac

101 922 226 954 perditorum
239 929 296 942 voces
309 922 384 949 populo
397 922 498 946 attribuis;
515 927 535 942 et
545 923 600 950 quod
610 927 677 950 agyrta

102 950 217 978 peregrinus
227 951 251 970 ad
261 957 353 970 coronam
366 950 420 974 solet,
433 950 489 970 v111ff
484 957 570 970 morum
583 950 679 970 duntaxat

101 978 220 998 animalium
226 985 283 998 voces
289 978 379 998 imitaris.
395 979 447 1006 Qs
454 983 520 998 autem
528 983 587 1005 negat
594 985 617 998 ea
625 978 677 1006 posse

102 1011 192 1039 tempora
200 1006 266 1034 saepius
274 1006 382 1030 accidere.'
376 1013 397 1026 in
405 1006 476 1038 quibus
484 1006 559 1026 civium
567 1006 626 1033 longe
634 1013 677 1026 ma-

99 1034 131 1061 jor
141 1041 236 1054 numerus
244 1034 381 1062 improborum
392 1034 422 1058 fit,
432 1035 467 1062 qui
477 1034 585 1054 Catilinam
594 1034 625 1054 vel
633 1035 677 1054 An-

103 1063 189 1086 mnium,
195 1061 256 1089 quhm
263 1062 358 1082 saniorem
365 1062 446 1082 Senatus
453 1067 528 1089 partem
535 1062 589 1089 sequi
596 1062 676 1086 malint;

102 1097 168 1118 neque
178 1090 251 1110 idcirco
261 1090 308 1110 boni
318 1090 370 1110 cives
380 1090 443 1110 obniti
450 1095 525 1114 contra,
534 1095 554 1110 et
561 1089 638 1110 fortiter
648 1090 678 1110 fa-

101 1125 146 1139 eere
158 1125 197 1139 non
204 1118 310 1142 debebunt,
319 1118 348 1138 sui
358 1118 421 1145 magis
428 1118 496 1141 officii,
504 1118 564 1146 quim
574 1118 677 1146 paucitatis

102 1147 200 1167 rationem
206 1146 310 1167 ducentes:
321 1151 376 1167 tuam
386 1153 433 1173 ergo
442 1151 483 1166 tam
489 1146 561 1166 bellam
570 1153 606 1174 pro
613 1147 678 1167 nostro

101 1181 129 1202 po
144 1174 178 1195 ulo
184 1175 335 1198 oratiunculam,
342 1181 366 1194 ne
374 1174 441 1194 charta
447 1174 530 1194 omnino
536 1179 610 1202 pereat,
617 1174 637 1194 in
643 1181 678 1195 an-

101 1209 156 1223 nues
171 1202 239 1222 Volufi
253 1202 323 1222 suadeo
337 1202 422 1222 inseras:
439 1202 494 1222 nobis
511 1201 623 1222 rhetorculo
637 1208 678 1222 tam

101 1230 180 1251 hircoso
189 1235 248 1257 nque
255 1231 316 1254 olido,
324 1237 363 1250 non
372 1230 401 1250 est
408 1230 459 1250 usus.
475 1230 567 1250 Dehinc'
562 1230 678 1262 injuriarum

102 1259 122 1278 in
130 1258 240 1279 Ecclesiam
248 1258 376 1285 postulamur.
393 1258 494 1278 Exercitus
501 1258 525 1285 est
532 1258 610 1278 omnium
618 1258 679 1278 baere-

99 1286 150 1313 scum
159 1287 219 1306 lerna.
235 1286 277 1314 Q
287 1293 327 1306 non
337 1286 465 1309 maledicunt,
472 1287 581 1306 exercitum
590 1286 678 1306 nostrum

101 1319 124 1335 ut
131 1314 267 1338 fortiffimum‚
277 1314 304 1334 ita
313 1314 476 1334 modestiffimum
484 1321 506 1334 ac
514 1314 678 1341 religiosissimum

100 1342 140 1363 effe
149 1342 280 1362 confitentur:
295 1342 338 1362 aliis
347 1342 367 1362 in
374 1342 440 1362 castris
450 1341 491 1361 fere
498 1347 583 1369 potatur,
590 1342 648 1362 variis
654 1342 679 1361 li—

131 1377 145 1396 4
333 1376 338 1383 ¹
410 1377 423 1389 x
