2888 5204
396 554 637 659 Defenfio.
682 565 800 695 Cap.
830 599 875 690 q.
944 559 946 562 ’
1140 599 1216 686 ¹59

61 738 135 818 sun
155 739 307 834 nostrae,
327 759 368 820 et
390 758 618 819 exterorum
637 758 832 848 quotquot
855 768 914 819 res
929 740 1074 820 nostras
1098 743 1217 850 paulo

61 850 283 933 accuratius
302 853 466 979 attigere
487 852 687 932 testantur.
748 853 878 931 Sancti
902 853 1022 932 etiarn
1042 854 1218 933 Eduardi

62 963 246 1071 leges,1n
265 992 361 1072 quas
374 964 505 1069 jurare
520 963 639 1043 nostri
660 990 768 1070 reges
789 963 1034 1057 tenebantur,
1055 966 1218 1044 certiffi-

61 1102 174 1155 mam
187 1073 485 1169 fidemfaciunt,
500 1077 631 1203 capite
644 1077 692 1155 de
708 1074 962 1155 Heretochiis
965 1077 1052 1186 ‚fue
1075 1078 1218 1187 equas-

61 1186 148 1267 dam
160 1188 358 1297 potestates
369 1205 443 1316 per
451 1187 669 1297 prouincias
683 1205 720 1267 et
720 1188 857 1295 singu
853 1218 889 1268 os
903 1189 1097 1269 comitatus
1111 1191 1223 1296 regni

62 1299 293 1408 constitutos,
314 1329 378 1428 qur
373 1300 622 1380 Heretoclres
646 1299 894 1393 vocabantur,
915 1301 1031 1380 laten>
1052 1300 1219 1382 ductores

61 1412 265 1505 exercitus,
285 1440 355 1521 qur
345 1411 679 1548 provincialibus
694 1413 819 1518 copiis
839 1431 1039 1541 preerant,
1065 1441 1142 1492 non
1170 1414 1224 1495 ad

62 1523 233 1604 honorem
245 1552 387 1605 coronae
398 1520 540 1616 solum
548 1522 672 1603 sedad
679 1523 880 1603 utilitatem
891 1552 1010 1631 regns
1042 1524 1111 1604 Isti
1124 1525 1217 1605 verd

62 1635 313 1743 eligebantur
325 1653 398 1744 per
417 1663 596 1715 commune
616 1635 819 1729 concilium,
839 1653 877 1714 et
888 1652 961 1743 per
965 1636 1135 1741 fingulos
1157 1667 1218 1718 co-

61 1747 221 1827 mitatus
239 1747 277 1827 in
291 1749 398 1858 pleno
418 1764 640 1857 conventup
641 1764 684 1857 op
685 1778 709 1827 ιι
711 1749 800 1839 lars,
784 1747 913 1851 ficut
932 1764 968 1826 et
993 1749 1220 1831 vicecomites

61 1858 156 1966 eligi
163 1858 307 1939 debent.
355 1861 418 1938 Ex
430 1888 511 1967 quo
524 1767 640 1939 facile
652 1858 897 1969 perspicitur,
911 1877 951 1937 et
962 1860 1094 1969 copias
1106 1864 1218 1968 regni

63 1990 105 2051 et
123 1973 331 2079 copiarum
357 1972 574 2051 ductores
563 1999 604 2050 ιιι
628 1971 815 2080 potestate
840 1971 992 2080 populi,
1014 1999 1092 2050 non
1116 1975 1219 2080 regis

63 2102 105 2162 et
123 2080 343 2193 antiquitus
358 2081 485 2176 fuiffe,
500 2102 540 2162 et
555 2082 628 2162 effe
643 2103 849 2192 oportere:
881 2083 1069 2191 illamque
1085 2083 1217 2192 legem

61 2194 475 2304 aequrffimamnostro
465 2223 505 2273 ιιι
519 2222 639 2302 regno
649 2192 755 2275 haud
767 2222 898 2274 minus
909 2194 1066 2273 valusffe
1069 2225 1216 2304 ,quam

62 2306 191 2386 olim
181 2336 221 2386 sn
237 2307 418 2417 populari
434 2309 708 2387 Romanorum
726 2307 824 2386 statu
839 2306 1004 2386 valebat.
1064 2308 1128 2386 De
1140 2337 1218 2416 qua

62 2437 104 2498 et
124 2419 192 2498 Μ.
213 2420 398 2500 Tullium
417 2420 551 2499 audire
571 2447 649 2497 non
669 2420 718 2497 ab
739 2446 779 2498 re
800 2416 931 2498 fuerit.
952 2416 1126 2527 Philipp.
1151 2447 1213 2498 10.

68 2532 204 2611 Omnes
218 2532 384 2639 legiones,
402 2560 518 2610 omnes
532 2532 644 2641 eopice
658 2561 741 2641 quae
756 2530 887 2640 ubsque
885 2529 996 2636 stent
1014 2531 1140 2637 Popul
1137 2561 1150 2609 ι
1147 2531 1214 2610 R

48 2640 164 2749 stent.
224 2647 357 2753 Neque
382 2643 475 2723 enim
504 2643 658 2750 legiones
682 2672 765 2753 quae
794 2642 999 2722 Antonium
1031 2641 1168 2748 Cosfisl
1163 2673 1216 2723 em

64 2754 313 2864 reliquerunt,
332 2754 495 2836 Antonii
507 2755 633 2863 potius
655 2754 764 2865 quim
786 2754 879 2862 reip.
888 2755 1006 2863 fuiſje
1022 2753 1214 2835 dicuntur.

65 2867 198 2945 Sancti
215 2886 349 2947 autem
369 2867 568 2946 Edouardi
587 2866 718 2974 legem
742 2865 866 2960 illam,
886 2895 980 2945 cum
1004 2866 1088 2946 aliis
1112 2867 1217 2947 illius

63 2978 220 3085 legibus
241 2979 482 3058 Guilielmus
498 2979 564 3058 ille
583 2977 822 3084 conquaestor
841 2978 981 3071 diuus,
1002 2978 1150 3087 populo
1167 2981 1217 3058 fic

10 3096 17 3103 '
63 3089 223 3170 volente
243 3117 287 3169 ac
298 3090 478 3198 jubente,
492 3091 643 3196 juratus
667 3089 945 3184 confirmavit3·
968 3090 1032 3169 sed
1055 3110 1095 3169 et
1116 3088 1217 3170 hanc

64 3200 225 3309 insuper
243 3202 397 3308 adjecit,
417 3230 453 3280 c.
478 3204 543 3309 56.
608 3205 740 3282 Omnes
759 3203 949 3296 ciuitates,
968 3201 1117 3308 burgos,
1138 3202 1218 3309 cas-

64 3315 159 3393 tella
161 3314 326 3421 ,stngul
308 3344 340 3394 ts
358 3313 558 3394 nullibus
540 3332 596 3394 tta
618 3313 799 3422 custodiri,
815 3332 932 3423 prout
950 3312 1157 3408 vicecomes,
1182 3332 1219 3394 et

65 3425 331 3520 Aldermunni,
351 3426 589 3536 caeteriquep
559 3444 646 3534 prae
641 3426 753 3535 ofin
753 3444 827 3534 per
838 3455 1017 3506 commune
1029 3426 1219 3506 concilium

64 3536 122 3617 ael
128 3539 328 3618 utilitatem
340 3537 449 3645 regni
458 3539 532 3617 mel
528 3539 585 3618 ius
551 3537 868 3646 providebunt;
900 3558 939 3616 et
954 3539 1039 3644 lege
1054 3539 1122 3617 62.
1143 3535 1219 3617 ideo

64 3650 228 3759 castella,
253 3650 381 3757 burgi,
414 3650 588 3729 ciuitates
618 3650 812 3756 aedfieatae
828 3649 926 3756 stent
954 3649 1008 3729 ad
1028 3648 1217 3728 tuitionem

60 3761 232 3868 gentium
250 3781 287 3842 et
297 3762 513 3871 populorum
531 3762 652 3869 regni,
673 3761 809 3842 idcirco
829 3780 865 3841 et
883 3760 1076 3869 observari
1090 3759 1218 3841 debent

65 3902 151 3954 cum
161 3874 259 3955 omni
267 3875 453 3967 libertate,
466 3874 699 3982 integritate,
716 3893 752 3954 et
764 3873 920 3954 ratione.
980 3873 1090 3982 Qid
1103 3875 1218 3981 ergo?

65 3985 333 4066 custodientur
352 4013 457 4065 arces
477 4005 517 4065 et
543 3987 687 4096 oppida
710 3988 751 4065 in
775 4013 870 4094 pace
887 4004 1022 4065 contra
1048 3983 1152 4065 fures
1179 4009 1220 4066 et

65 4096 266 4179 maleficos
287 4125 365 4177 non
384 4097 454 4176 nifi
473 4126 545 4208 per
563 4127 776 4178 commune
797 4099 1027 4177 Concilium
1046 4096 1219 4202 ejusdem

63 4208 160 4304 loci,
180 4236 258 4290 non
278 4209 544 4291 custodientur
562 4211 603 4289 in
630 4212 809 4290 maximo
836 4208 931 4288 belli
951 4229 1061 4289 metu
1084 4230 1220 4290 contra

64 4319 196 4403 hostes
230 4322 306 4402 five
343 4340 525 4403 externos
566 4322 640 4401 five
675 4323 875 4403 intestinos
907 4350 977 4431 per
1005 4350 1219 4402 commune

63 4435 282 4515 concilium
305 4435 424 4515 totius
447 4435 602 4542 gentis?
637 4433 724 4514 sane
753 4434 851 4514 illud
875 4435 945 4513 nifi
968 4435 1218 4528 concedatur,

63 4572 195 4677 neque
211 4546 382 4640 libertas,
402 4574 529 4654 neque
550 4546 761 4654 integritas,
782 4574 854 4626 nec
870 4546 969 4626 ratio
987 4547 1188 4654 denique
1178 4573 1219 4623 ιιι

63 4660 113 4739 iis
132 4658 397 4740 custodiendis
416 4658 496 4738 ulla
508 4659 583 4739 elie
595 4661 762 4768 poterit3
795 4687 922 4767 neque
938 4685 1075 4738 earum
1086 4683 1219 4735 rerum

61 4772 552 4882 quicquamaffequemur,
565 4771 857 4879 quarumcausa
870 4769 1024 4851 fundari
1036 4764 1219 4879 primum
