2888 5204
490 561 763 700 Relpons10‚
789 590 879 664 etc.
1154 601 1229 658 211

114 732 392 852 ipiscoporum3
415 743 481 824 sua
491 744 712 850 vectigalia,
723 744 885 854 suosque
896 742 1119 824 censusnon
1131 769 1235 824 nunc

115 854 219 934 uliooe
237 856 417 950 luriuriae,
435 875 477 935 et
495 855 738 949 libidinibus,
757 856 821 937 sed
838 857 1039 936 vincendis
1058 853 1234 935 hostibus

114 982 128 1045 t
149 966 412 1076 propagandis
439 969 598 1076 imperii
624 967 766 1048 finibus
797 967 902 1047 ultrb
921 968 958 1047 se
988 967 1231 1076 impendere.

114 1105 217 1185 eges,
237 1080 308 1173 ais,
329 1079 430 1186 Most
443 1097 481 1160 et
499 1080 648 1188 regibus
665 1078 692 1159 d
711 1083 794 1160 Deo
817 1080 928 1161 datas
942 1079 1073 1188 quibus
1098 1101 1234 1186 regant

114 1191 271 1301 pulum
300 1219 387 1272 num
396 1190 514 1330 popul
510 1221 528 1271 o
541 1193 601 1271 lex
615 1191 721 1287 data,
741 1211 785 1271 ut
805 1194 925 1300 Reges
935 1190 1117 1300 regeret?
1148 1193 1232 1271 lm-

114 1302 304 1413 baperte
327 1304 433 1412 leges
456 1301 537 1384 tam
564 1303 669 1384 Most
694 1324 734 1384 et
756 1304 928 1413 regibus,
955 1331 1075 1412 quam
1094 1322 1233 1383 caetero

114 1417 258 1552 >pulo
246 1415 334 1495 sunt
344 1416 455 1511 datae,
468 1435 512 1495 ut
525 1412 603 1494 tam
619 1415 671 1511 se,
687 1413 808 1526 qudm
822 1416 1018 1526 populum
1032 1436 1228 1523 regerent;

114 1524 303 1656 tminlrs,
328 1528 382 1607 ita
406 1546 452 1607 ut
476 1548 704 1636 regerentur
726 1528 775 1607 ab
799 1530 899 1621 aliis,
920 1546 964 1606 ut
993 1555 1042 1606 ne
1065 1527 1129 1605 lex
1151 1530 1231 1607 Dei

114 1638 206 1719 rivis
222 1640 452 1719 mortalium
471 1638 613 1719 frustra
626 1640 796 1720 daretur
846 1639 940 1747 Qir
949 1638 1067 1746 gerit,
1085 1640 1229 1747 inquis,

114 1748 270 1832 odium?
293 1750 484 1859 populus?
524 1750 658 1831 lmmb
672 1752 840 1862 populus
852 1780 923 1862 per
935 1750 1230 1857 Magistratum,

114 1890 201 1943 rem
220 1864 297 1942 five
317 1891 442 1944 unum
457 1863 532 1943 five
549 1864 680 1972 plures
693 1893 744 1943 ex
759 1864 870 1944 omni
885 1862 953 1941 suo
968 1889 1133 1942 numero
1148 1863 1229 1942 ele·

114 1975 197 2055 sit.
257 1974 405 2104 Neque
424 1974 521 2054 ullas
537 1993 743 2084 propterea
758 1973 1016 2068 confufiones,
1031 2001 1127 2082 quas
1143 2003 1229 2055 me-

116 2088 170 2180 is,
185 2086 351 2166 excitari
365 2086 512 2167 neceffe
527 2089 614 2180 erit,
633 2088 679 2167 Si
690 2086 932 2181 velvedem,
899 2089 1068 2230 inquis,
1070 2087 1229 2194 figeres,

114 2197 300 2306 treglbus
313 2203 445 2279 adium
458 2199 547 2292 erit,
559 2195 698 2290 lle
630 2237 696 2281 που
716 2195 835 2294 στήσω
850 2195 911 2279 καὶ
931 2195 990 2293 mir
1009 2235 1072 2300 W
1092 2196 1228 2294 ualido.

116 2311 247 2392 tinam
267 2309 412 2419 pedem
431 2310 511 2419 ipse
532 2310 689 2391 tandem
713 2311 851 2419 figeres
875 2310 1019 2402 Silene,
1041 2310 1067 2389 s1
1089 2311 1230 2389 Bram-

114 2422 221 2517 alus,
245 2449 300 2502 es.
358 2424 469 2502 Nam
499 2449 568 2502 nos
595 2422 744 2518 locum,
772 2422 841 2501 ubi
864 2422 937 2501 stes
963 2421 1107 2514 ebrius,
1138 2422 1229 2501 dare

114 2561 157 2616 »n
177 2534 393 2643 poffumus,
413 2535 510 2643 quin
530 2561 576 2614 ea
594 2564 681 2644 quae
700 2534 882 2614 fixissima
897 2533 984 2612 sunt
1003 2552 1043 2612 et
1059 2533 1229 2613 firmiffi-

114 2674 158 2741 a,
178 2644 252 2726 tibi
271 2648 313 2724 in
332 2672 474 2754 gyrum
494 2649 658 2744 moveri,
678 2667 718 2728 et
739 2675 833 2727 cum
851 2646 1011 2725 cerebro
1033 2665 1101 2725 tuo
1128 2644 1229 2725 sem-

114 2785 149 2839 a·
171 2758 354 2838 madente
383 2759 667 2840 circumnatare
691 2760 907 2838 videantur.
967 2758 1061 2865 Qis
1088 2776 1140 2851 te,
1168 2759 1229 2837 in·

114 2871 182 2965 ris,
196 2869 411 2978 juramento
433 2871 533 2978 Regi
545 2870 752 2980 praestitol
733 2871 893 2951 liberare
907 2869 1067 2979 potuit?
1110 2870 1229 2974 Jura·

114 3002 261 3064 entum
288 2981 432 3090 ipsum,
452 3009 533 3089 quo
555 2986 659 3090 Regi
688 3011 765 3063 non
785 3001 947 3091 propter
968 2984 1141 3089 Regem,
1166 2981 1230 3061 sed

115 3093 305 3205 ipublicae
322 3092 434 3174 causd
452 3095 626 3174 obstricti
642 3094 816 3233 fuimus;
848 3120 970 3202 quam
984 3091 1079 3173 clrm
1095 3094 1230 3202 perdi·

114 3234 166 3288 m
186 3207 274 3300 iret,
294 3224 334 3286 et
355 3205 468 3287 suum
488 3205 568 3316 ipse
588 3204 782 3317 priusJJ
706 3206 782 3312 jusJ
774 3206 981 3285 urandum
1000 3205 1176 3300 violavit,
1190 3224 1229 3286 et

114 3316 255 3400 »strum
276 3317 401 3399 solvit.
452 3316 573 3399 Nihil
590 3319 700 3398 enim
718 3337 877 3412 naturae,
894 3313 994 3397 nihil
1008 3337 1150 3397 ratront
1161 3336 1230 3396 aut

114 3432 260 3512 entium
281 3429 364 3536 juri
383 3430 622 3510 contrarium
649 3431 775 3539 magis
804 3431 911 3523 effet,
931 3426 1051 3536 quam
1075 3429 1102 3508 fi
1123 3429 1229 3537 Regi

114 3541 618 3650 sJurandumsuumvrolare
629 3540 676 3621 ad
685 3541 892 3622 lrbrdrnem
902 3541 1051 3635 lrceret,
1058 3541 1229 3649 populus

114 3680 227 3736 rvare
247 3652 368 3733 fidem
389 3653 438 3733 ad
457 3655 674 3762 perniciem
696 3652 804 3735 suam
827 3672 1037 3734 teneretur.
1072 3653 1124 3732 Ut
1133 3650 1229 3732 diuo

114 3764 265 3847 rdr'entes
275 3765 375 3872 Most
369 3764 535 3872 fuimus
551 3764 608 3845 ita
622 3766 757 3846 erimus
774 3765 856 3858 tibi,
877 3763 974 3845 modo
989 3766 1098 3845 Deus
1109 3781 1230 3844 tecum

114 3876 450 4005 quemadmodum,
449 3877 541 3984 furt
559 3906 641 3957 cum
660 3878 777 3983 Mose.
838 3878 902 3956 Sic
927 3877 1159 3957 Reubenitae
1179 3877 1229 3956 ad

114 3986 307 4072 ‚bosnam
331 3987 576 4070 Condrttonem
588 3991 649 4070 hic
659 3991 799 4070 nullam
810 3990 918 4069 vrdes
928 4019 974 4069 ex
968 3990 1140 4100 preffam.
1161 3989 1228 4069 Ad

115 4103 288 4209 nncyras
298 4097 395 4208 ergb
407 4128 561 4207 naviga
578 4120 648 4181 aut
657 4101 768 4182 domr
779 4101 981 4210 crapulam
993 4100 1225 4195 edormisce

114 4242 161 4296 as
181 4211 284 4295 mihi
309 4212 439 4307 crede,
464 4212 565 4293 nihil
584 4214 795 4321 expreffius
813 4213 979 4308 videbis,
1000 4241 1127 4322 neque
1148 4232 1229 4293 tam

114 4324 193 4409 ulte
219 4325 489 4435 interrogabis,
506 4324 598 4437 quid
598 4325 641 4430 st
658 4327 766 4406 Deus
784 4324 942 4433 Josttam
960 4324 1003 4405 d
989 4326 1152 4431 streret
1166 4324 1229 4404 sed

114 4438 212 4521 ridfi
231 4437 350 4543 Josua
362 4439 500 4519 Deum
514 4436 719 4518 desereret
740 4438 969 4518 Tumenim
980 4439 1076 4546 quid
1089 4437 1229 4517 facturr

114 4550 197 4633 leot
221 4549 467 4646 Reubenitae,
493 4550 566 4629 tibi
589 4549 923 4679 respondebimus
963 4553 1120 4630 Nutare
1141 4548 1235 4628 mihi

114 4660 210 4745 ede
180 4692 253 4771 jur
264 4660 421 4769 Regtum
432 4661 596 4743 videtur
628 4662 722 4742 Hoc
734 4660 800 4741 de
784 4691 872 4768 Jure
884 4689 1009 4768 regio
1017 4679 1136 4769 prout
1145 4659 1230 4738 Sal

115 4776 216 4858 afius
235 4772 432 4868 describit,
453 4774 604 4854 dietum
623 4775 693 4854 est.
735 4774 882 4882 Neque
901 4774 958 4853 est
976 4770 1052 4851 hoc
1067 4774 1231 4852 Monar-
