2888 5204
463 588 703 692 Defensr0.
742 597 861 729 Cap.
893 601 938 694 8.
1176 646 1184 663 ·
1219 636 1298 722 137

141 770 240 851 eede
269 770 451 851 maximi
474 770 600 851 liceri.
659 771 736 851 Sed
762 799 903 852 eccum
930 771 1003 852 tibi
1031 769 1295 869 licitatorem

141 881 357 963 vendibilis
372 910 496 964 necne
511 883 572 976 fis,
589 901 631 963 et
648 883 800 992 quanti,
810 882 897 990 jam
914 883 1043 964 statim
1057 884 1296 966 videbimus.

145 991 401 1088 Pertendurrt,
414 996 560 1102 inquis,
574 992 805 1089 Parricida,
820 995 932 1103 regni
938 996 1152 1103 Anglicani
1151 996 1298 1104 statum

144 1106 304 1185 aratum
329 1104 409 1216 effi,
433 1134 502 1186 non
527 1105 626 1187 merl
647 1106 804 1213 regium.
864 1107 1067 1187 Pertendit
1093 1108 1202 1188 idem
1228 1108 1299 1188 sub

146 1214 338 1297 Eduardo
356 1218 433 1297 VI.
492 1215 670 1298 Smithus
700 1218 843 1312 noster,
867 1217 1161 1325 jurisconsultus
1190 1221 1299 1301 idem

146 1327 292 1422 bonuz,
304 1347 344 1408 et
383 1328 555 1422 oliticuS,
568 1356 688 1437 quern
703 1326 815 1408 fuiffe
830 1330 1066 1439 parricidam
1082 1358 1160 1410 non
1177 1332 1298 1426 diceS,

146 1440 229 1546 eJus
240 1437 336 1520 libri
347 1357 429 1520 lere
441 1441 571 1535 initio,
584 1467 706 1547 quem
717 1440 766 1519 de
779 1440 930 1550 republ.
944 1440 1166 1548 Anglicana
1176 1442 1298 1553 scrip-

146 1553 217 1647 fit;
250 1577 381 1659 neque
400 1552 441 1631 id
459 1551 509 1632 de
529 1552 657 1631 nostri
675 1548 817 1644 solum,
834 1551 898 1632 sed
917 1552 965 1632 de
985 1555 1098 1632 omni
1115 1553 1217 1662 pene
1236 1582 1298 1634 re-

145 1662 261 1773 publ.
284 1663 404 1771 idque
424 1689 474 1742 ex
494 1662 718 1743 Aristotelis
736 1662 924 1744 sententia
943 1690 1081 1745 verum
1100 1664 1175 1745 effe
1194 1666 1300 1746 affir-

145 1792 255 1870 mat3
287 1801 415 1883 neque
435 1773 547 1854 aliter
573 1773 696 1854 ullam
719 1773 917 1885 rempubl.
941 1774 1039 1854 stare
1065 1775 1182 1884 poffe.
1242 1778 1300 1857 At

144 1885 614 2106 Ξῗῖηἷῗέῃὲὲῗιῖἑῗῖἳ
628 1886 1299 2107 {itti-¹133?,ttttusstlsssffizi

147 2105 255 2188 foede
268 2107 493 2189 revolveris.
553 2110 711 2189 Nullam
720 2126 866 2216 gentem
880 2110 936 2190 ais
951 2108 1016 2218 effe
1029 2109 1216 2220 necsuffl
1227 2141 1298 2192 un-

146 2246 260 2328 quam
278 2248 365 2329 quae
380 2221 481 2327 regis
499 2221 740 2328 appellatione
757 2249 827 2301 nan
845 2221 1069 2301 intellexerit
1087 2248 1165 2301 eam
1177 2221 1299 2331 potes·

147 2346 267 2411 tatem
286 2360 370 2440 qua
374 2331 456 2439 stilo
467 2333 551 2412 Deo
563 2332 681 2412 minor
691 2331 753 2439 est,
766 2361 917 2441 quaque
920 2332 1043 2438 salum
1055 2334 1180 2412 Deum
1187 2332 1298 2438 judi-

148 2469 227 2522 cem
243 2441 427 2534 haberem
457 2460 497 2522 et
510 2458 642 2522 tamen
656 2442 775 2551 paulo
790 2440 875 2552 post
894 2442 1040 2537 fateris,
1058 2472 1181 2524 nomen
1200 2445 1301 2552 regis

149 2550 283 2634 datum
300 2553 369 2633 vel
379 2554 463 2634 olim
471 2552 591 2663 futffl
608 2552 779 2660 ejusmodi
785 2553 1027 2663 potestatibus
1045 2573 1081 2634 et
1099 2555 1298 2663 magistra-

150 2663 254 2744 tibus
279 2665 348 2774 qui
365 2666 517 2773 plenum
543 2682 581 2745 et
602 2665 759 2745 liberum
777 2664 848 2771 jus
875 2694 945 2746 non
972 2666 1165 2761 haberent,
1177 2666 1300 2772 seda

141 2776 280 2885 populi
311 2793 408 2857 nutu
436 2774 646 2886 dependens,
679 2796 723 2857 ut
740 2777 887 2884 sufttes
926 2778 1300 2885 Carthaginierfiurn,

137 2886 292 2992 judr‘ces
317 2885 579 2982 Hebraeorum,
610 2916 715 2995 reges
742 2886 1114 2983 Lacedaemoniorum,
1142 2909 1182 2970 et
1212 2891 1300 3000 pos-

151 2997 285 3079 tremb
296 2998 603 3106 Aragonenstum.
634 2999 781 3079 Satisne
792 2997 895 3079 belle
911 2999 983 3079 tibi
994 3001 1169 3081 constas?
1189 3003 1302 3082 Tum

150 3112 332 3220 quinque
361 3107 597 3190 monarchiae
626 3110 771 3222 species
800 3139 851 3190 ex
877 3111 1087 3191 Aristotele
1114 3112 1301 3208 recenses,

152 3248 325 3330 quarum
336 3248 415 3302 una
430 3219 585 3302 tantum
591 3221 657 3327 jus
669 3222 767 3302 illud
783 3221 955 3302 obtinuit
966 3224 1073 3330 quod
1090 3243 1132 3303 tu
1145 3224 1302 3331 regibus

151 3358 368 3413 commune
392 3332 576 3413 omnibus
595 3333 669 3412 effe
689 3334 799 3414 dicis.
859 3334 924 3412 De
951 3360 1029 3441 qua
1055 3332 1157 3414 haud
1182 3336 1301 3416 semel

145 3443 236 3549 jam
250 3442 403 3524 dietum
417 3444 487 3538 est,
503 3444 658 3524 nullum
669 3445 752 3551 ejus
763 3445 995 3553 exemplum
1010 3446 1074 3525 vel
1087 3444 1136 3525 ab
1148 3447 1301 3526 Aristo·

152 3556 234 3635 tele
249 3554 430 3650 allatum,
445 3554 507 3636 vel
527 3555 690 3664 usquam
709 3555 902 3636 extitiffe:
932 3575 1099 3663 quatuor
1118 3557 1301 3664 reliquas,

152 3684 195 3746 et
214 3665 428 3775 legitimas,
445 3686 485 3748 et
503 3667 656 3774 legibus
671 3665 782 3747 fuiffe
801 3668 972 3746 minores
987 3666 1159 3746 dilucide
1175 3667 1302 3747 osten-

152 3779 230 3858 dit.
291 3779 473 3858 Primum
496 3776 642 3858 horum
673 3797 755 3858 erat
785 3805 955 3885 regnum
984 3780 1241 3875 Laconicum,
1265 3799 1305 3861 et

154 3885 335 3969 maxime
353 3889 517 3998 quidem
536 3889 617 3995 ejus
636 3888 824 3969 sententii
845 3916 1027 3996 regnum,
1048 3917 1187 3969 eorum
1206 3919 1305 3999 qua-

154 4018 248 4081 tuor
259 4027 346 4109 quae
360 4001 539 4109 legitima
549 4020 671 4080 erunt.
708 4000 934 4080 Secundum
949 4019 1031 4080 erat
1043 3999 1304 4098 barbaricum,

154 4108 238 4192 hoc
251 4110 332 4191 solo
349 4111 581 4192 diuturnum
593 4113 686 4220 quia
701 4111 941 4220 legitimum,
956 4128 996 4192 et
1007 4110 1162 4191 volente
1175 4141 1305 4224 popu-

155 4221 224 4304 lo:
253 4222 411 4304 nolente
429 4243 578 4316 autem,
598 4223 728 4303 omnis
748 4250 817 4302 rex
836 4221 1025 4302 continuo
1045 4250 1124 4302 non
1143 4225 1217 4304 erit
1236 4254 1307 4306 rex
1432 4309 1437 4318 ,

157 4333 224 4414 sed
254 4351 454 4441 qrannus,
488 4334 516 4413 fi
549 4334 674 4414 invito
709 4334 858 4444 populo
889 4359 1057 4440 regnum
1087 4336 1306 4430 retinuerit,

156 4445 302 4526 eodem
317 4445 412 4525 teste
426 4445 649 4552 Aristotele.
666 4445 737 4524 lib.
753 4472 790 4552 ς.
848 4444 963 4524 Idem
975 4444 1024 4524 de
1040 4446 1152 4524 tertia
1166 4473 1308 4553 regum
1430 4460 1434 4468 '

156 4557 287 4668 specie
315 4557 529 4637 dicendum
568 4557 638 4650 est,
672 4583 771 4664 quos
804 4555 872 4636 ille
902 4553 1147 4662 AEsymnetas
1177 4578 1307 4654 vocat,
1364 4548 1369 4556 ’

155 4670 304 4749 eleetos
325 4665 348 4748 ὲ
369 4668 534 4778 populo,
564 4687 604 4747 et
632 4667 681 4747 ad
709 4686 863 4747 certum
891 4667 1108 4776 plerunque
1135 4685 1307 4774 tempus,

157 4778 360 4889 certasque
386 4779 530 4873 causas,
557 4779 690 4888 quales
722 4778 803 4859 fere
834 4778 938 4887 apud
969 4779 1168 4859 Romanos
1197 4775 1307 4861 fuere
