796 1583
271 288 383 313 Defenfio
396 289 510 313 Secunda.
572 273 574 275 Ι
639 299 678 319 309

99 332 185 359 quidem
194 337 215 353 et
223 333 258 353 illa
267 334 329 353 nobili
338 334 418 354 vidoria
428 334 494 361 digne.
513 333 677 360 Fd¹¹sm⁰distsw¹⁰

99 365 119 381 et
131 365 229 388 papavere
243 361 341 389 conspersae
350 362 399 388 sunt
414 362 490 388 iqfames
504 362 583 381 Mltoni
592 362 675 389 paginae.

99 388 203 409 Illustrem
209 393 231 409 tu
239 390 321 417 quidem
329 390 427 416 collegam
431 389 511 424 semper
519 389 570 409 mihi
580 390 676 416 adjungis,

99 421 121 436 et
131 417 152 437 in
162 416 201 437 hoc
211 417 297 437 facinore
307 424 375 445 parem
382 417 439 445 plane
446 417 500 441 facis,
507 424 649 445 nonnunquam
657 422 677 437 et

99 444 121 465 su
149 445 234 465 riorem:
248 452 288 473 quo
298 452 336 473 ego
346 446 426 466 nomine
436 445 557 466 cohonestari
569 453 601 466 me
612 446 677 465 maxi—

144 473 178 493 abs
189 478 207 493 te
218 478 294 500 putem,
307 474 369 501 fiquid
379 473 391 494 ὸ,
401 479 420 494 te
429 473 538 506 honesturn·
544 474 605 501 poss'et
616 473 676 501 profi-

99 501 155 521 cisci.
169 502 263 522 cremata
269 502 313 522 verb
315 501 442 529 ‚inquisfint
447 502 566 529 istaepaginae
571 510 584 522 a
590 502 677 529 carnifice

99 529 233 561 Pariſsmſsfit
245 530 293 550 remi
301 530 381 550 Senatus
390 530 511 550 authoritate.
541 530 676 557 Nequaquam

99 556 119 577 id
131 558 221 585 comperi
231 565 241 577 a
247 558 318 578 Senatu
327 558 409 581 fadum,
418 558 449 578 sed
457 558 481 577 ab
488 558 582 578 officiario
589 558 676 585 quodam

99 585 178 609 urbico,
188 585 233 605 loco
241 590 319 606 tenente
329 586 383 606 civili
394 586 457 606 nescio
467 592 491 606 an
502 586 584 609 incivili,
593 586 625 606 cui
635 585 676 606 cle-

99 613 137 633 rici
145 613 235 640 quidam,
239 614 360 640 ignaviffima
366 614 465 637 animalia,
468 613 560 634 authores
567 614 629 636 fuere.
635 618 675 634 tam

99 648 124 661 :x
135 641 201 661 diffito
210 646 269 668 atque
279 642 395 669 longinquo,
408 642 509 663 abdomini
521 641 562 665 sue,
575 642 629 669 quod
639 641 676 661 ali-

99 670 180 696 quando
194 676 263 697 precor
276 670 353 690 evenire
369 669 434 697 poffit,
450 675 573 696 augurantes.
604 670 676 690 Censes

99 704 139 718 non
146 697 230 725 potuisse
237 704 276 718 non
282 698 364 718 viciffim
368 698 455 718 Salmafii
462 697 594 718 defenfionem
602 698 676 725 regiam

99 725 207 745 cremasse?
216 726 322 753 potuiss'em
329 725 373 746 sane
379 726 410 745 vel
417 724 470 753 ipse
463 733 474 745 a
482 732 534 752 magi
530 725 626 746 stratibus
633 725 676 745 nos-

99 753 135 774 tris
142 753 182 773 hoc
188 753 245 773 facile
252 754 370 781 impetrasse,
377 754 412 774 nifi
420 754 475 773 illam
481 754 622 773 contumeliam
628 761 676 773 con-

99 786 179 809 temptu
188 781 254 809 potius
264 782 395 802 ulciscendam
401 781 549 802 existimassem:
560 782 613 802 Vos
608 788 676 809 ignem

99 810 147 837 igne
161 815 286 837 properantes
298 811 421 837 extinguere,
434 810 557 830 Herculeum
570 810 676 837 praebuistis

99 844 180 865 rogum,
189 838 241 858 unde
248 838 319 858 clarior
328 845 457 865 exurgerem;
468 845 503 858 nos
513 837 626 861 consultius,
633 838 676 858 De-

99 865 193 886 fenfionis
203 866 272 893 Regiae
282 866 345 893 frigus
354 866 497 886 calfaciendum
508 873 547 886 non
557 866 675 886 censuimus.

99 893 155 914 [llud
166 894 234 917 miror,
245 899 285 914 tarn
295 894 332 914 ess‘e
341 894 443 920 Majorum
453 894 553 914 dissimiles
563 893 624 914 factos
633 894 676 914 To-

99 921 171 942 lesates
178 922 234 948 (nam
244 927 264 942 et
271 922 347 942 Tolofiz
356 922 469 942 combustos
479 929 513 942 nos
523 922 645 949 accepimus)
654 926 676 941 ut

99 956 140 977 qun
149 950 170 970 in
179 949 227 970 urbe
237 950 271 970 sub
282 950 400 970 Raimundis
409 950 523 974 comitibus,
535 955 555 970 et
568 950 646 970 libertas
656 954 676 969 et

99 977 172 1004 religio
181 977 259 998 defensa
269 977 318 998 olim
329 983 369 998 tarn
380 978 480 1005 insigniter
489 978 524 1001 est,
537 978 557 998 in
567 985 590 998 ea
600 983 646 998 tunc
656 982 676 997 et

100 1005 196 1026 libertatis
205 1011 226 1026 et
236 1006 335 1033 religionis
343 1006 437 1026 Defenfio
445 1006 601 1026 combureretur.
633 1005 676 1026 Uti-

100 1040 144 1054 nam
156 1038 175 1053 et
191 1034 284 1061 Semptar,
299 1034 371 1061 inquis.
390 1034 445 1054 Imne
457 1034 591 1061 ergastulum?
606 1038 625 1053 at
637 1040 675 1060 ego

101 1068 170 1089 parem
180 1068 204 1081 ne
215 1062 295 1082 reddam
305 1062 341 1082 tibi
350 1062 439 1086 salutem,
448 1062 516 1085 More,
524 1067 546 1082 tu
554 1061 632 1088 egregie
642 1068 675 1081 ca—

101 1089 157 1114 visti;
174 1095 197 1109 ut
209 1090 244 1117 qui
257 1090 376 1117 nigrioribus
389 1090 453 1110 multo
465 1090 544 1117 ignibus
556 1090 676 1116 jamdudum

102 1124 182 1150 pereas:
198 1123 258 1138 urunt
268 1123 287 1138 te
297 1118 392 1138 adulteria
403 1123 444 1141 tua,
457 1123 516 1138 urunt
531 1118 604 1145 stupra,
617 1123 677 1138 urunt

101 1145 193 1173 perjuria,
201 1153 287 1173 quorum
297 1153 335 1173 ope
346 1146 479 1174 desponsatam
487 1146 523 1166 tibi
534 1146 563 1166 stu
578 1153 600 1166 ro
610 1146 676 1166 foemi-

100 1180 147 1194 nam
155 1174 241 1201 perfidus
249 1174 353 1197 excuffisti,
361 1179 420 1194 urunt
427 1174 549 1206 perditiffimi
565 1181 630 1194 urores
632 1174 677 1201 ,qui

100 1201 224 1229 impulerunt
233 1207 258 1225 te,
267 1208 288 1222 ut
296 1202 417 1222 sancrosancta
426 1202 493 1222 munia
503 1202 622 1222 facinorosus
629 1209 676 1222 con-

100 1229 216 1257 cupisceres,
229 1235 249 1250 et
260 1230 413 1257 imperspeetum
422 1230 505 1250 Domini
517 1237 588 1258 corpus
601 1230 677 1250 incestis

100 1258 192 1278 manibus
200 1258 287 1278 sacerdos
296 1258 406 1285 pollueres;
419 1258 538 1278 sanetitatem
548 1259 608 1278 etiam
616 1258 676 1278 fimu-

101 1286 151 1309 lans,
162 1286 182 1305 in
197 1285 301 1306 sanctitatis
314 1286 443 1309 simulatores,
456 1287 498 1306 dira
512 1287 579 1306 omnia
591 1286 629 1306 hoc
643 1291 677 1305 tuo

100 1313 188 1334 clamore
197 1314 329 1338 denuntiares,
336 1319 433 1341 tuumque
441 1314 551 1334 execrabile
559 1319 625 1341 caput,
634 1313 677 1333 tuzi-

100 1346 144 1362 met
153 1341 213 1369 ipfius
222 1342 338 1362 damnatum
348 1342 442 1362 sententia
452 1342 549 1362 irretires:
565 1341 595 1362 his
606 1346 626 1361 tu
637 1341 681 1367 sce--
