2888 5204
412 100 650 199 Defensio
692 109 809 233 Cap.
844 111 886 196 8.
1146 144 1217 221 143

59 278 224 383 Faffirm
244 299 379 359 autem
394 282 459 389 effe
478 283 547 372 aiS,
564 279 812 388 quodscrnesae
832 277 1124 387 Independentiae
1142 281 1222 356 cnl-

54 408 163 469 tores
181 392 364 501 affirunt,
386 393 670 472 Parlamentum
689 390 714 470 ri
723 391 856 499 populo
861 391 980 498 sutffe
999 389 1219 498 institutum.
1288 460 1291 465 .

54 498 199 583 Video
220 502 306 608 jam
326 505 423 612 quid
444 504 489 582 s1t
508 532 579 582 cur
599 522 787 613 papatum
807 520 916 581 tanto
935 505 1088 611 impetu
1109 529 1221 579 ever-

54 630 148 693 tere
173 616 413 695 contendas:
443 616 568 695 alium
592 615 672 723 ipse
698 633 887 722 papatum
915 615 957 691 in
984 615 1088 706 alvo,
1113 613 1220 721 quod

50 725 193 819 aiunt,
216 727 364 833 gestas:
394 728 492 834 quid
506 729 615 805 enirn
630 726 737 805 aliud
753 754 854 804 uxor
870 726 1018 816 uxoris,
1035 725 1151 833 lupus
1171 752 1221 803 ex

47 836 159 947 lupa
178 839 381 946 gravidus,
401 839 471 917 nifi
497 857 566 918 aut
588 857 831 947 portentum,
852 856 920 916 aut
939 856 1127 945 papatum
1148 836 1220 915 ali-

48 976 191 1059 quem
208 977 358 1030 novum
371 952 563 1058 parturire
581 968 618 1029 te
633 949 868 1059 oportebat?
892 946 996 1026 certe
1013 951 1118 1057 Papa
1130 975 1221 1054 ger-

48 1088 210 1141 manus
229 1062 338 1169 quafi
350 1061 437 1166 jam
456 1061 562 1154 esses,
580 1060 726 1141 senous
747 1082 786 1140 et
806 1061 950 1139 sanctas
970 1087 1041 1167 pro
1061 1059 1221 1139 arbitrio

50 1170 189 1267 faci83
223 1201 334 1281 reges
359 1174 480 1252 etiam
506 1174 618 1252 omni
645 1191 806 1280 peccato
832 1167 1010 1264 absolvis,
1038 1190 1092 1264 et,
1113 1172 1221 1278 quas1

10 1354 12 1359 .
51 1284 186 1366 shnto
198 1282 287 1390 jam
300 1281 425 1377 hoste,
441 1284 524 1389 ejus
536 1285 689 1363 exuviis
702 1285 886 1393 opimum
901 1301 938 1361 te
953 1309 1079 1361 ornas.
1139 1284 1221 1362 Ve-

52 1392 160 1477 rium
184 1397 281 1503 quia
302 1397 408 1505 Papa
430 1397 609 1475 nondum
633 1423 704 1504 per
732 1415 769 1474 te
795 1392 910 1505 plane
937 1395 1095 1487 cecidit,
1122 1394 1221 1472 dum

53 1506 159 1587 libri
174 1506 285 1588 illius
296 1508 356 1587 tui
367 1505 410 1587 de
422 1507 617 1600 Primatu,
634 1506 800 1586 secunda
815 1525 855 1587 et
871 1507 998 1598 tertia,
1015 1525 1054 1585 et
1065 1503 1220 1586 sortasse

51 1636 212 1729 quarta
229 1637 270 1700 et
288 1620 426 1727 quinta
446 1647 533 1728 pars
559 1618 762 1728 prodierit,
783 1620 854 1726 qui
872 1618 1019 1696 multos
1038 1619 1221 1698 mortales

53 1730 184 1811 ratio
205 1731 315 1839 prius
334 1731 528 1824 enecabit,
544 1726 665 1839 quarn
685 1749 726 1811 tu
749 1733 898 1838 Papam
918 1758 965 1808 eo
985 1728 1086 1808 libro
1108 1729 1221 1810 sube-

54 1842 187 1951 geris,
207 1842 252 1922 fit
266 1842 354 1922 satis
373 1843 535 1936 interea,
548 1842 689 1950 quaeso,
706 1842 754 1921 ad
774 1843 1064 1952 Antipapatum
1084 1841 1220 1921 saltem

57 1953 248 2061 aliquem
263 1954 367 2062 posse
380 1954 610 2035 adscendere
624 1984 634 2048 ;
657 1953 712 2034 est
724 1953 859 2047 altera,
875 1981 997 2062 quarn
1011 1970 1068 2045 tu,
1085 1972 1221 2061 praeter

58 2062 183 2145 illam
212 2066 566 2176 Independentiam
588 2065 656 2145 abs
682 2084 721 2145 te
744 2066 909 2158 irrisam,
936 2064 1155 2144 sanstorum
1179 2066 1220 2145 in

62 2202 286 2257 numerum
300 2176 398 2257 serio
412 2177 590 2270 retulisti,
603 2177 799 2283 Tyrannis
814 2178 922 2284 regia
937 2206 946 2256 :
978 2175 1111 2256 sanetae
1125 2204 1221 2285 ergo

10 2340 13 2345 -
64 2288 314 2396 Tyrannidis
334 2290 449 2397 regiae
469 2309 512 2370 tu
528 2287 715 2369 Pontifex
734 2290 809 2368 eris
831 2288 1061 2382 Maximus3
1093 2308 1133 2368 et
1152 2318 1222 2370 ne-

10 2446 23 2507 g
66 2399 168 2507 quid
183 2399 282 2480 defit
301 2401 375 2481 tibi
394 2401 441 2480 ad
462 2400 625 2509 Papales
642 2401 791 2494 titulos,
813 2401 955 2481 Servus
973 2400 1084 2479 etiam
1088 2402 1223 2504 struo-

10 2506 36 2587 ξ’.
67 2539 154 2591 rum
170 2513 264 2606 eris,
285 2540 364 2592 non
379 2512 475 2605 Dei,
495 2513 559 2593 sed
579 2512 698 2602 aulae;
728 2515 918 2620 quoniam
937 2512 1005 2590 illa
1020 2510 1223 2593 Chenaani

23 2720 33 2729 ..
68 2622 299 2703 maledictio
312 2622 502 2703 adhaefiffe
520 2624 593 2705 tibi
612 2624 660 2702 ad
681 2625 890 2732 praecordia
905 2624 1073 2704 videtur.
1132 2625 1222 2731 Bes-

10 2780 37 2849 *-
68 2734 163 2815 tiam
176 2735 352 2844 appellas
365 2736 555 2845 populum.
605 2737 717 2844 Qid
736 2736 896 2815 interim
909 2763 949 2815 es
966 2735 1074 2844 ipse?
1123 2738 1222 2816 Non

10 2874 25 2939 :-
70 2847 182 2926 enim
209 2844 362 2927 sacrum
388 2848 487 2927 illud
514 2848 799 2940 consistorium,
827 2875 954 2956 neque
978 2847 1127 2927 sanctus
1154 2850 1222 2928 ille

10 2976 17 3028 ζ·
70 2958 215 3067 Lupus
233 2978 273 3039 te
299 2959 509 3039 dominum
535 2958 649 3038 suum
674 2978 742 3039 aut
764 2959 913 3069 populo
940 2960 1133 3039 exemerit
1156 2979 1224 3041 aut

10 3096 14 3153 ἱ
71 3069 221 3176 vulgo;
251 3098 379 3179 neque
398 3071 587 3165 effecerit,
603 3071 716 3180 quin,
730 3071 840 3150 sicuti
859 3099 914 3165 es,
928 3071 1127 3150 teterrima
1142 3071 1221 3180 ipse

10 3190 19 3347 ξ
69 3179 196 3285 bestia
223 3181 285 3262 fis.
344 3181 464 3263 Certe
492 3183 583 3262 libri
610 3182 704 3261 sacri
731 3181 955 3291 prophetici
984 3208 1222 3287 magnorum

70 3319 217 3399 regum
229 3291 501 3373 monarchiam
513 3313 553 3374 et
566 3294 876 3372 dominationem
890 3294 1073 3372 immanis
1087 3293 1224 3373 Bestiae

10 3408 13 3417 '
71 3404 237 3485 nomine
249 3433 294 3484 ac
310 3404 436 3516 specie
451 3405 683 3486 adumbrare
700 3404 835 3486 solent.
873 3404 951 3485 Sub
969 3403 1118 3511 regibus
1136 3424 1225 3486 ante

10 3508 12 3521 '
76 3515 330 3610 Guilielmum,
357 3517 502 3625 inquis,
529 3518 635 3598 nulla
662 3517 903 3597 Parlamenti
927 3517 1058 3596 mentio
1089 3519 1222 3627 exstat.

73 3626 141 3707 De
155 3627 350 3709 vocabulo
367 3628 576 3709 Gallicano
595 3629 772 3708 altercari
790 3656 869 3708 non
889 3628 1010 3708 libet:
1043 3657 1101 3709 res
1120 3630 1223 3710 sem-

72 3765 147 3849 per
164 3736 269 3820 fuit:
300 3759 341 3821 et
357 3741 560 3821 Saxonicis
579 3740 824 3848 temporibus
845 3740 1046 3820 Concilium
1068 3742 1222 3850 Sapien-

72 3866 156 3931 tron
172 3852 305 3931 vocari
325 3851 483 3933 solitum
505 3852 701 3933 concedis.
762 3853 962 3961 Sapientes
982 3870 1115 3932 autem
1140 3873 1223 3934 tam

71 3961 163 4043 sunt
187 3961 329 4070 plebis,
345 3960 467 4072 quim
484 3991 694 4073 procerum
709 3990 759 4042 ex
779 3992 959 4044 numero.
1018 3965 1075 4044 At
1094 3965 1131 4046 in
1138 3967 1224 4075 sta·

71 4090 156 4154 tuto
175 4076 417 4181 rvrertonenſs,
430 4076 598 4183 vt'geysmo
618 4078 719 4155 Hen.
738 4075 787 4181 3⁰¹
805 4076 973 4156 comitum
992 4094 1028 4155 et
1047 4075 1224 4158 baronum

70 4182 226 4266 tantrlm
234 4187 295 4294 fit
310 4187 454 4268 mentio.
515 4189 576 4267 Ita
596 4206 634 4267 te
654 4187 806 4295 semper
825 4189 986 4268 nomina
1005 4187 1222 4297 decipiunt,

70 4298 143 4408 qui
160 4315 317 4381 tantum
331 4301 373 4380 in
393 4300 620 4380 nominibus
639 4317 792 4379 aetatem
807 4327 969 4380 omnem
981 4300 1222 4396 contrivisti;
