2888 5204
514 101 737 203 Defenfio
764 108 990 203 Secunda.
1247 125 1318 201 261

154 308 293 389 opera
313 283 373 361 uti
393 283 612 364 voluerint:
645 286 683 363 id
705 288 775 379 est,
795 286 857 364 vel
883 289 923 364 in
945 286 1174 365 Salmafium
1194 287 1256 363 vel
1283 288 1325 364 in

158 394 395 474 Carolum:
425 424 597 505 namque
618 397 659 475 id
679 418 760 478 erat
785 397 910 478 solum
936 399 1043 505 quod
1074 401 1115 477 in
1144 396 1323 507 responso

152 503 365 611 ejusmodi
387 505 568 587 futurum
591 512 797 618 expectare
821 528 984 619 poterat.
1045 510 1157 621 Qid
1182 510 1322 618 plura?

142 612 383 699 hominem
394 619 559 700 videtis:
591 620 639 700 ad
658 621 828 729 reliquos
843 648 948 701 nunc
964 649 1101 730 pergo,
1114 648 1193 700 non
1212 623 1322 700 enim

147 755 274 811 unus
301 729 358 810 est
384 731 588 826 duntaxat,
614 732 686 840 qui
710 730 812 812 hanc
840 735 881 813 in
906 760 975 813 nos
1003 734 1102 840 regii
1123 733 1321 814 Clamoris

110 862 114 867 '
154 856 161 865 '
185 841 279 921 uasa
300 844 531 950 tragoediam
551 845 779 924 adornavit:
809 873 859 925 en
873 845 995 952 igitur
1009 847 1141 940 initio,
1155 844 1324 939 utsolet,

108 1048 116 1061 ,-
139 868 356 1037 -dmmatis
375 954 571 1065 personae:
602 955 766 1036 Clamor
784 957 988 1065 prologus,
1010 957 1183 1037 Ulaccus
1203 957 1320 1037 Bala-

108 1090 111 1161 ς
143 1082 246 1161 tro,
265 1066 392 1160 aut,fi
410 1067 609 1162 mavultis,
626 1067 829 1148 Salmasius
842 1069 984 1149 Ulacci
998 1069 1215 1149 Balatronis
1229 1096 1321 1178 per-

147 1176 261 1273 {ona
285 1195 327 1257 et
349 1178 512 1259 lacernis
535 1180 749 1275 involutus,
770 1182 867 1260 Duo
887 1180 1076 1261 Po‘e‘tastri
1097 1180 1321 1260 Cerevifiali

146 1291 544 1483 fflgatriemldlmifiss
563 1290 706 1481 llildorus
721 1291 873 1482 adtrarlter
885 1293 1091 1482 stuplqaittor.
1122 1291 1319 1463 Miri'ficos

108 1458 262 1657 {fam
276 1428 567 1623 mantnt
582 1423 1320 1625 stttfnffittnotitffiits.

153 1624 283 1709 modi
298 1625 532 1707 adversarios
544 1626 614 1707 vix
630 1628 685 1708 est
699 1645 745 1707 ut
759 1626 870 1707 causa
883 1627 1012 1707 nostra
1028 1626 1171 1707 habere
1183 1629 1319 1737 poffit:

133 1768 137 1773 ·
159 1764 278 1821 nunc
291 1738 460 1845 fingulos
471 1737 767 1846 aggrediamur:
782 1737 859 1818 hoc
872 1736 1026 1819 tantum
1039 1739 1202 1847 praefati,
1215 1742 1242 1819 fi
1254 1741 1320 1819 cui

108 1926 116 1937 ,
162 1845 304 1939 minius
322 1852 523 1958 gravitatis
538 1849 666 1931 nostra
682 1850 828 1931 alicubi
844 1849 1027 1931 refutatio
1046 1849 1191 1931 habere
1208 1851 1320 1929 vide-

108 2042 116 2051 ,
162 1958 293 2056 bitur,
304 1962 476 2068 cogitate
492 1989 587 2043 eum
598 1962 755 2056 debere,
768 1990 847 2042 non
860 1990 955 2042 cum
967 1962 1076 2070 gravi
1088 1962 1319 2057 adversario,

108 2148 115 2161 ,
163 2070 233 2153 fed
251 2100 349 2154 cum
367 2100 488 2182 grege
507 2072 750 2167 histrionico,
768 2073 878 2155 nobis
898 2101 983 2153 rem
1005 2073 1094 2167 effe,
1121 2073 1170 2153 ad
1195 2101 1320 2182 quem

166 2184 270 2267 dum
296 2183 542 2266 refutationis
565 2212 690 2293 genus
712 2186 1092 2266 accommodandum
1116 2203 1211 2278 crat,
1239 2212 1319 2266 non

108 2300 115 2307 ’
164 2295 325 2406 semper
346 2296 442 2405 quid
464 2299 591 2404 magis
615 2296 815 2391 decuiffet,
843 2297 908 2377 sed
930 2297 1027 2407 quid
1050 2298 1128 2379 illis
1149 2297 1319 2406 dignum

166 2407 278 2503 effet,
296 2407 549 2520 spectandum
568 2409 768 2492 duximus

189 2581 310 2694 Regii
307 2581 508 2694 stanguim's
521 2582 671 2775 clamoqu
677 2580 739 2775 adl
741 2582 871 2712 falum
889 2581 1067 2692 aduerstcs
1078 2583 1297 2695 parricidas

668 2724 720 2804 ng
734 2722 869 2776 acanus.

108 2906 121 2967 f
226 2860 433 2969 Siquidem
445 2887 524 2940 non
537 2859 635 2964 Jure
650 2856 783 2938 fusum
796 2856 1033 2951 ostendisses,
1049 2857 1184 2952 More,
1200 2858 1320 2943 istum

108 2986 125 3047 ,θ
166 2971 398 3082 sanguinem
410 2970 517 3051 haud
529 2968 759 3050 incredibile
773 2995 972 3048 narrares:
993 2996 1113 3063 nunc,
1126 2970 1320 3077 quemad-

108 3168 115 3187 :
167 3084 339 3167 modum
357 3084 497 3194 primis
517 3082 685 3163 restituti
703 3081 912 3186 Evangelii
936 3081 1195 3192 temporibus,
1219 3083 1319 3162 Mo-

108 3198 117 3223 *
167 3193 408 3289 nachi,ci1m
420 3195 661 3301 argumentis
677 3188 809 3273 minus
825 3193 1012 3286 valerent,
1024 3192 1072 3273 ad
1089 3191 1236 3300 spedtra
1247 3220 1320 3272 ne·

108 3360 111 3367 ·
167 3308 249 3391 scio
263 3335 364 3417 quae,
376 3325 417 3389 et
431 3306 520 3386 fieta
534 3305 705 3385 monstra
720 3303 925 3384 decurrere
941 3303 1130 3384 solebant:
1152 3304 1219 3399 fic,
1233 3332 1318 3400 vos,

167 3420 381 3533 postquam
399 3419 534 3499 omnia
552 3416 745 3510 defecere,
761 3415 809 3495 ad
829 3417 1019 3497 clamores
1034 3414 1227 3523 nusquam
1246 3446 1318 3497 au-

166 3532 289 3625 ditos,
314 3550 355 3613 et
383 3529 572 3611 obsoletas
599 3527 900 3609 fraterculorum
928 3547 1028 3608 artes
1058 3529 1317 3613 revertimini.

168 3640 342 3725 vocene
372 3642 474 3723 coelo
499 3641 633 3723 audire
659 3666 905 3749 quemquam
935 3639 1170 3736 nostrorum,
1199 3641 1318 3749 longe

167 3755 278 3841 abest
291 3772 338 3835 ut
355 3753 513 3834 credas:
544 3778 620 3860 ego
648 3771 686 3831 te
710 3752 899 3831 clamores
922 3750 972 3831 ab
993 3748 1132 3831 Inferis
1156 3751 1317 3849 audiffe,

194 3866 277 3949 uod
297 3862 616 3977 postulas,'facile
635 3862 885 3945 crediderim.
926 3859 1081 3942 Verum
1097 3861 1204 3944 hunc
1217 3866 1318 3973 regii

163 3896 367 4090 ianguinia
388 3977 605 4058 clamorem
628 3976 692 4057 dic
712 3974 820 4055 sodes
839 3974 928 4082 quis
950 3974 1127 4054 audivit?
1156 3976 1219 4054 Te
1235 3979 1317 4061 ais:

166 4118 308 4201 nugae:
339 4088 523 4169 Primum
538 4088 648 4168 enim
663 4085 766 4167 male
779 4087 913 4167 audis:
946 4086 1012 4166 Ad
1024 4086 1170 4167 coelum
1185 4105 1320 4173 autem

165 4205 241 4316 qui
254 4203 406 4284 clamor
420 4201 633 4310 perveniat,
649 4187 676 4278 'sr
691 4199 780 4307 quis
797 4217 932 4307 praeter
946 4200 1098 4290 Deum,
1109 4196 1206 4303 justi
1220 4217 1320 4307 puto

167 4317 241 4400 soli
254 4334 296 4397 et
308 4312 556 4422 integerrimi
570 4313 719 4422 quique
733 4311 912 4405 audiunt,
925 4328 970 4389 ut
984 4310 1055 4418 qui
1071 4309 1227 4420 possint,
1242 4311 1321 4395 im.
