2888 5204
337 555 517 650 Contra
540 551 867 650 Alexandrum
892 557 1100 652 Morum.
1219 594 1296 674 343

147 725 392 834 tergiversari
415 729 457 808 in
483 730 683 838 posterum
710 757 842 837 queas,
863 747 931 809 aut
949 730 1214 837 praevaricari3
1246 755 1295 806 ne

143 836 428 919 diverticulum
447 841 591 935 ullum,
612 862 679 923 aut
703 840 912 920 latibulum
938 841 1112 951 sperare;
1135 845 1188 920 ¹ut
1208 840 1293 946 jam

144 947 268 1031 sciant
289 978 427 1032 omnes
449 950 571 1062 quim
598 981 676 1033 non
706 954 889 1046 mendax,
909 952 974 1032 sed
993 954 1208 1061 veriloqua,
1228 970 1297 1030 aut

143 1058 284 1143 saltem
303 1064 451 1143 nonde
472 1063 599 1144 nihilo
620 1065 689 1145 ista
713 1062 818 1145 fama
837 1065 885 1144 de
906 1083 943 1144 te
963 1065 1215 1157 increbuerit,
1236 1082 1294 1155 tu,

143 1173 328 1285 inquam,
344 1175 395 1256 fic
410 1174 577 1256 habeto:
609 1204 674 1256 me
691 1205 768 1255 non
789 1175 894 1257 fami
911 1174 1051 1271 solum,
1067 1177 1130 1257 sed
1152 1204 1199 1254 eo
1220 1175 1295 1253 tes-

104 1318 106 1323 ·
144 1285 332 1380 timonio,
353 1315 434 1395 quo
453 1289 609 1368 nullum
636 1290 779 1369 certius
806 1289 880 1368 elle
906 1290 1033 1398 potest
1051 1286 1294 1396 comperisse,

144 1404 185 1499 te
211 1417 254 1479 et
278 1399 404 1479 libelli
433 1401 567 1495 totius,
593 1401 659 1479 cui
686 1401 805 1507 Regii
835 1401 1029 1508 sanguinis
1050 1401 1215 1480 Clamor
1240 1398 1297 1477 est

144 1509 300 1605 titulus,
323 1507 539 1591 editionem
558 1511 850 1607 administrasse,
871 1534 910 1592 et
929 1539 1090 1622 operam
1111 1531 1296 1621 typogra-

141 1619 309 1747 phicam
335 1624 556 1718 correxisse,
581 1644 621 1705 et
644 1623 864 1732 Epistulam
889 1624 998 1704 illam
1026 1627 1073 1705 ad
1102 1623 1295 1703 Carolum

143 1730 377 1828 secundum,
405 1737 548 1816 Ulacci
576 1763 721 1815 nornen
752 1735 1038 1844 praeferentem,
1061 1734 1124 1816 vel
1154 1735 1295 1825 solum,

143 1845 212 1955 tel
228 1872 313 1926 cum
327 1876 395 1927 ana
410 1866 521 1958 atque
535 1847 652 1928 altera
668 1847 936 1956 composuisse.
996 1848 1042 1927 ld
1059 1848 1165 1955 quod
1182 1865 1296 1925 tuum

146 1954 278 2061 'sum
313 1986 457 2039 nomen
488 1959 715 2040 Alexander
744 1961 886 2040 Morus
920 1960 1113 2068 exemplis
1146 1959 1298 2065 aliquot

104 2160 106 2165 ,
143 1984 256 2149 illius
287 2072 457 2181 epistolae
487 2070 736 2181 subscriptus,
762 2072 898 2151 multis
932 2072 1013 2178 ejus
1048 2073 1104 2151 rei
1138 2068 1297 2150 testibus

104 2238 106 2245 -
144 2180 314 2262 oculatis
332 2180 474 2262 clarius
494 2184 696 2277 indicavit,
717 2180 837 2290 quim
857 2203 902 2263 ut
927 2211 1069 2291 negare
1087 2194 1157 2263 'aut
1176 2208 1297 2289 expe-

104 2388 106 2399 Ι
144 2290 233 2373 dire
249 2311 287 2372 te
301 2295 383 2374 ullo
397 2298 513 2404 pasto
528 2323 658 2404 queas,
708 2298 749 2374 Si
764 2295 876 2389 dicis,
891 2297 1181 2404 importunitati
1196 2320 1297 2401 quo·

104 2406 106 2413 '
144 2405 316 2485 rundam
335 2409 554 2487 amicorum
576 2425 613 2486 te
632 2404 710 2485 hoc
724 2407 882 2501 dediffe,
903 2428 946 2486 ut
966 2407 1135 2514 epistolae
1153 2431 1299 2484 nomen

146 2534 265 2597 tuum
290 2545 519 2626 apponeres,
541 2547 619 2599 non
646 2518 803 2597 aliunde
829 2516 950 2626 quim
980 2545 1031 2596 ex
1055 2546 1121 2597 ore
1149 2536 1217 2596 tuo
1247 2516 1298 2594 fic

104 2624 106 2629 ’
146 2628 349 2711 excusanti
376 2630 450 2709 tibi
480 2659 672 2711 occurro:
708 2631 792 2738 Qi
819 2630 1026 2710 solenniter
1055 2630 1239 2722 affirmas,
1259 2644 1300 2706 et

145 2767 196 2821 eo
229 2741 440 2849 praesertim
469 2743 557 2823 loco
587 2743 739 2852 pagina
764 2769 830 2849 39.
858 2744 899 2821 in
930 2770 1024 2851 quo,
1050 2760 1095 2821 ut
1120 2744 1299 2822 credatur

147 2851 223 2931 tibi
239 2851 355 2932 enixe
372 2853 522 2962 flagitas
537 2854 641 2934 tueri
655 2871 692 2933 te
706 2871 789 2947 tua,
805 2854 926 2934 aliena
940 2872 1030 2934 tunc
1045 2852 1299 2960 demumfarte

146 2980 389 3059 curaturum,
428 2995 510 3047 cum
548 2964 712 3075 excuffias
742 2965 910 3074 propriis
933 2966 1077 3074 saeris
1152 2963 1298 3073 Teipso

147 3076 285 3185 itaque
302 3074 515 3185 flagitante,
532 3077 773 3157 credendum
794 3105 873 3156 non
892 3077 947 3158 est
964 3097 1001 3157 te
1018 3105 1162 3157 nomen
1184 3096 1299 3156 tuum

148 3187 211 3268 illi
228 3188 413 3296 Epistolae
438 3187 550 3269 fuisse
577 3187 898 3299 subscripturum,
919 3208 985 3268 tua
1012 3190 1081 3268 nifi
1110 3188 1225 3268 effet:
1257 3186 1298 3265 id

177 3300 259 3380 uod
278 3299 461 3409 sequente
481 3302 624 3413 pagina
649 3301 749 3412 pene
776 3299 985 3394 confiteris,
1007 3298 1193 3409 tuimque
1220 3299 1299 3408 ipse

148 3326 332 3492 laudem
354 3412 504 3521 detegis
528 3433 567 3492 et
598 3411 808 3506 fallaciam,
840 3413 918 3519 qual
948 3410 1069 3491 fretus
1103 3413 1300 3492 Clamoris

148 3520 359 3603 authorem
380 3543 417 3604 te
437 3524 511 3605 elle
531 3527 645 3605 toties
664 3552 796 3632 negas.
848 3526 951 3604 Nam
970 3525 1051 3633 quis
1069 3552 1138 3602 non
1153 3524 1207 3603 mi
1220 3550 1299 3602 ere-

149 3652 258 3729 atur,
295 3636 438 3743 inquis,
473 3636 768 3717 hallucinationis
795 3653 887 3728 taae,
920 3633 1002 3715 cam
1033 3634 1300 3742 Praesatianem

152 3742 396 3856 Typograplra
419 3747 555 3828 tribuis
578 3747 689 3843 moda,
709 3745 805 3827 moda
828 3746 983 3827 adimis:
1016 3747 1218 3826 Clamarem
1243 3762 1300 3825 ta-

149 3875 231 3939 tum
250 3857 289 3939 in
307 3888 363 3940 me
381 3861 538 3969 caffars,
551 3860 617 3970 qai
632 3889 676 3939 ne
688 3859 919 3968 particulam
937 3857 1077 3969 quidem
1093 3859 1206 3939 ullam
1225 3856 1303 3964 ejm

149 3970 284 4051 extus.
345 3971 438 4051 Hoc
457 3974 522 4052 cui
541 3999 619 4051 non
636 3971 835 4050 suboleat?
865 3968 959 4051 cirm
977 3968 1217 4050 Praefationis
1237 3970 1302 4049 seu

151 4082 337 4192 Epistola
368 4083 482 4163 fimul
506 4102 546 4163 et
577 4084 775 4163 Clamoris
804 4084 1047 4162 mentionem
1074 4079 1183 4177 facis,
1208 4083 1304 4161 Cla-

152 4197 276 4277 moris
306 4222 356 4274 ne
388 4196 511 4275 ullam
535 4194 698 4304 quidem
730 4196 963 4304 particulam
994 4192 1164 4274 conferri
1195 4195 1302 4273 inte

152 4305 268 4400 finis3
300 4306 540 4388 Praefationis
567 4307 718 4386 nullam
741 4306 901 4414 respuis,
923 4306 1071 4385 nullam
1092 4306 1303 4386 inficiaris:

152 4415 285 4498 immo
314 4419 421 4527 quasr
457 4446 629 4498 errorem
668 4446 804 4497 meum
835 4420 978 4498 videris
1017 4420 1307 4527 propemodum

151 4528 299 4623 ridere,
318 4530 427 4638 qubd
453 4530 541 4610 satis
560 4529 778 4610 constanter
798 4558 875 4610 non
896 4531 1068 4609 dixerim
1088 4548 1197 4608 tuam
1216 4528 1304 4607 effe.

155 4642 201 4723 Si
220 4640 405 4722 insciente
427 4664 464 4722 te
484 4662 524 4722 et
542 4640 696 4751 prorsus
716 4642 851 4748 ignaro
872 4640 1020 4721 fastum
1039 4639 1115 4720 hoc
1135 4640 1246 4734 dicis,
1266 4661 1310 4719 ut

156 4780 306 4835 nomen
335 4773 451 4837 tuum
479 4753 793 4849 subscriberetur,
814 4751 990 4863 primbm
1017 4752 1205 4834 credibile
1232 4779 1312 4831 non
