2888 5204
145 150 224 227 216
421 132 615 268 Joannis
641 126 849 262 Philippi
874 124 1023 259 Angli

140 312 331 419 gavimus.
389 307 546 388 Miffale
566 306 712 387 scilicet
728 303 988 414 Papisticum,
1005 306 1141 414 paucis
1160 304 1279 384 admo

147 424 245 502 dum
277 421 452 514 mutatis,
480 447 532 500 ex
551 419 695 499 Latino
721 417 911 497 duntaxat
927 414 1104 525 anglice
1133 416 1282 511 editum,

148 531 226 615 und
239 561 333 613 cum
350 531 556 642 Episcopis
574 532 645 640 qui
663 548 747 610 tam
766 528 1037 610 fraudulenter
1056 556 1147 610 eam
1164 548 1204 610 et
1221 530 1284 609 Pa·

149 644 286 756 pistiee
305 642 603 737 concinnlrunt,
619 642 717 752 quid
733 643 774 721 ni
794 639 1122 751 profligaremus?
1151 668 1239 722 nam
1252 659 1286 721 et

149 758 283 851 aliam,
311 776 355 836 ut
380 755 512 837 fateris
538 754 634 865 ipse,
658 753 941 847 substituimus,
964 755 1094 862 magis
1119 754 1287 835 videlicet

152 869 448 963 Orthodoxam,
461 887 501 948 et
516 868 635 948 verbo
648 867 729 946 Dei
747 863 1061 960 consentaneam,
1078 885 1140 961 ut,
1158 866 1226 975 qui
1237 892 1288 945 re·

150 982 286 1090 quirit,
305 979 504 1075 habeat,s1
522 979 669 1060 necesse
688 978 757 1072 est,
774 979 853 1087 qud
871 976 1075 1060 salubriter
1095 978 1209 1088 poffit
1224 977 1286 1058 uti.

151 1091 320 1200 Subjesli
333 1093 438 1202 estote
449 1109 607 1203 propter
624 1090 816 1184 dominum,
834 1089 1096 1201 quamobrem?
1115 1091 1203 1201 quia
1215 1118 1288 1170 con·

138 1206 321 1315 stituitur
332 1205 490 1316 potessas
508 1202 534 1284 ἃ
554 1206 637 1285 Deo
655 1201 709 1284 ad
724 1202 1212 1311 ultionemsacino'rosprum,
1228 1219 1289 1282 etc.

151 1322 213 1398 At
232 1322 330 1413 Rex,
347 1316 578 1431 cuisubjesli
592 1316 657 1426 effl‘
663 1315 867 1422 jubentur,
881 1332 961 1397 etat
979 1317 1085 1396 Nero
1103 1318 1173 1397 vel
1182 1315 1288 1396 Clau-

153 1428 248 1511 dius.
309 1430 547 1511 Generalem
563 1428 783 1509 doctrinam
802 1430 851 1508 de
871 1427 1127 1535 Magistratu,
1153 1424 1290 1536 quisstt

152 1562 220 1622 aut
239 1541 313 1623 else
337 1542 491 1636 debeat,
522 1541 638 1622 tradit
656 1540 885 1650 Apostolus,
909 1539 1040 1649 deque
1063 1539 1289 1631 obedientia,

153 1682 273 1760 quare
301 1654 554 1762 Magistratui
579 1652 790 1764 praestanda
813 1653 872 1746 srt,
899 1653 1007 1761 quod
1033 1652 1108 1733 tibi
1135 1651 1221 1733 satis
1240 1648 1290 1731 sit.

154 1766 266 1845 Nero
293 1793 342 1845 an
374 1766 564 1848 Claudius
601 1766 835 1873 regnaverit,
873 1761 975 1845 nihil
1001 1763 1147 1860 refert;
1177 1764 1291 1845 desint

155 1877 314 1957 tandem
340 1880 456 1988 nugis
486 1878 566 1958 istis
597 1905 666 1957 nos
691 1877 922 1958 obtundere.
982 1874 1223 1984 Judaorunr,
1239 1877 1292 1955 in··

153 1990 485 2097 quis,caeremoniis
498 2009 536 2071 et
553 1991 631 2097 lege
634 1988 846 2094 judiciaria
856 1988 1074 2070 liberamur.
1105 1985 1292 2070 Incassitm

155 2103 278 2209 igitur
302 2123 343 2182 tu
370 2100 574 2213 tantopere
601 2100 766 2196 laboras,
794 2120 839 2181 ut
863 2129 932 2181 nos
956 2102 1057 2208 regii
1086 2102 1193 2210 apud
1217 2100 1292 2180 illos

155 2215 295 2323 impeii
310 2214 496 2326 exemplo
518 2216 557 2293 in
578 2212 803 2293 servitutem
824 2213 980 2322 regibus
1001 2213 1173 2293 addicas.
1231 2212 1292 2292 Ut·

153 2320 1296 2548 sltsfiz,lstqlldifflsl'sllsls‘0'b'lllall{alls
1330 2342 1333 2453 l

157 2547 329 2658 sponsuri
349 2550 435 2644 fint,
456 2578 503 2629 ne
524 2550 569 2630 sit
588 2549 660 2630 tibi
680 2578 793 2629 curae.
853 2550 937 2644 Tu,
958 2549 1055 2658 quid
1073 2549 1124 2628 de
1140 2549 1236 2643 alea,
1251 2545 1293 2626 de
1330 2546 1333 2553 ’

155 2660 302 2754 scortis,
322 2662 370 2740 de
391 2661 577 2742 ebrietate
591 2661 816 2771 Episcopali
832 2660 1079 2770 respondebit
1099 2663 1293 2741 Bramma·

156 2773 230 2865 lus,
250 2773 329 2882 ipse
349 2774 494 2881 c‘ogita·
554 2773 765 2854 Potestates
781 2801 860 2853 non
879 2775 1092 2881 legitimas,
1112 2774 1179 2853 sed
1193 2769 1292 2882 quas·

155 2911 311 2993 cunque
328 2886 512 2994 intelligi,
529 2887 598 2979 ais,
615 2885 664 2965 ab
677 2886 885 2998 Apostolo,
898 2887 992 2994 quia
1007 2888 1120 2966 Deus
1135 2882 1294 2995 praefecit

157 2999 315 3077 Saulem
345 3017 384 3077 et
416 3017 571 3078 caeteros
602 2999 726 3078 malos
753 3000 884 3107 Reges
911 2999 1070 3103 Judaeis.
1130 2998 1190 3077 At
1215 2992 1295 3076 verb

157 3109 302 3190 Paulus
321 3110 369 3190 de
390 3110 577 3219 potestate
596 3110 784 3218 loquitur,
803 3138 925 3218 quam
944 3129 985 3190 et
1001 3106 1156 3190 summe
1176 3105 1295 3217 legiti-

157 3250 265 3302 mam
285 3221 488 3317 describit;
520 3249 597 3301 non
617 3223 793 3330 loquitur
811 3223 859 3301 de
879 3224 980 3316 viro,
1000 3222 1086 3330 qui,
1107 3219 1239 3300 alDed
1254 3218 1297 3298 li·

156 3353 219 3413 cet
235 3335 433 3428 electus,s1
450 3334 580 3445 postea
593 3335 846 3442 nequiffimus
865 3335 1007 3428 evadit,
1020 3353 1060 3414 et
1074 3334 1299 3443 potestatem

158 3465 315 3526 exercet
329 3444 446 3554 longe
465 3447 598 3539 aliam,
615 3465 732 3555 atque
748 3443 770 3526 a
785 3449 876 3526 Deo
891 3447 1057 3556 accepit,
1072 3464 1114 3525 et
1128 3446 1197 3526 cui
1209 3446 1302 3526 dun·

158 3576 265 3637 taxat
279 3586 347 3638 nos
367 3558 449 3637 illic
464 3559 622 3638 obedire
636 3560 839 3664 jubemur,
856 3560 897 3638 id
917 3559 1002 3652 fibi,
1023 3585 1101 3638 non
1119 3560 1214 3639 Deo
1231 3559 1301 3638 im·

156 3669 476 3778 putandumerit.
511 3668 1168 3781 Veristmilius,inquis,quldAnglia
1176 3668 1306 3752 Carolo

141 3781 229 3888 filio
244 3778 459 3875 debellandi,
475 3781 620 3862 tandem
639 3785 678 3863 in
691 3783 868 3892 erepitum
880 3782 1143 3892 putidifflmum
1163 3801 1203 3863 et
1216 3781 1308 3864 ridi·

157 3894 278 3972 culum
297 3894 574 4002 erupturiſsnt.
633 3895 802 3976 Videfire
815 3895 900 4001 jam
921 3914 965 3975 ut
976 3896 1104 3988 Deus,
1124 3897 1310 3977 omnium

156 4033 290 4087 rerum
320 4006 478 4099 arbiter,
505 4035 624 4086 omen
649 4006 725 4088 hoc
749 4027 880 4102 tuum,
906 4007 1170 4115 ventriloque,
1204 4008 1248 4088 in
1273 4026 1312 4086 te

157 4117 320 4226 tuosque
334 4121 500 4199 avertit?
530 4119 699 4199 Videfire
715 4138 761 4200 ut
779 4120 860 4230 ipse
876 4138 966 4200 tuus
983 4120 1151 4201 Carolus
1166 4120 1210 4200 in
1226 4148 1313 4202 cre-

155 4232 286 4339 pitum
302 4233 473 4325 evanuit,
495 4232 623 4311 immo
643 4231 724 4342 ipse
747 4234 918 4342 crepitus
939 4232 1024 4312 fieri
1044 4232 1315 4342 putidissimus

155 4365 324 4452 optares,
351 4344 571 4425 dummodo
598 4373 648 4424 ex
674 4342 847 4424 hostium
876 4345 1059 4426 manibus
1089 4343 1169 4424 hoc
1194 4348 1318 4454 padio
