2888 5204
334 469 574 572 Defensro.
613 478 731 608 Cap.
764 509 808 572 2.
1094 514 1146 599 45

124 644 152 727 ,ὲ
172 646 290 729 stulto
308 649 447 730 servire
466 678 618 744 omnes,
629 651 718 758 quis
734 677 812 728 non
833 648 1148 757 indignissimum

125 760 142 836 i
200 761 292 840 Nec
313 761 366 841 ad
379 760 712 842 commendationem
739 761 878 868 regalis
896 762 1043 869 imperii
1058 763 1148 871 plus

129 868 239 979 quod
255 871 433 953 Christus
453 870 475 952 ὲ
494 872 650 980 regibus
670 873 866 980 originem
881 872 1009 966 duxit,
1026 871 1148 981 quam

124 983 420 1091 dpeflimorum
439 1012 579 1092 regum
594 983 996 1079 commendationem,
1010 983 1150 1064 Chris.

123 1121 167 1173 os
187 1092 360 1174 habuisse
374 1116 574 1203 nepotem.
635 1097 718 1174 Rex
737 1096 785 1204 est
803 1094 978 1200 Meffias:
1008 1096 1147 1203 agnos-

124 1233 144 1299 ι,
163 1207 396 1312 gaudemus,
417 1225 457 1286 et
478 1205 599 1315 quim
617 1204 797 1285 citissime
816 1207 947 1287 veniat
965 1234 1145 1303 oramus;

125 1318 263 1397 senim
274 1319 344 1412 est,
358 1346 430 1397 nec
443 1319 480 1396 ei
491 1317 699 1426 quisquam
711 1318 846 1397 similis
858 1337 925 1397 aut
938 1317 1144 1413 secundus;

124 1456 160 1507 m
175 1431 282 1538 regia
298 1430 529 1536 gubernatio
543 1428 747 1508 commissa
761 1429 933 1537 indignis
947 1450 985 1510 et
1001 1433 1146 1510 imme-

124 1567 191 1634 us,
218 1559 262 1620 ut
313 1541 520 1649 lerumque
542 1539 627 1619 fieri
653 1540 762 1632 solet,
790 1540 877 1649 plus
903 1541 998 1621 mali
1025 1539 1146 1651 quim

124 1650 273 1732 ttuliffe
284 1569 461 1732 iumano
472 1652 608 1761 generi
620 1650 722 1731 reste
735 1651 995 1732 existimatur.
1054 1655 1147 1734 Nec

124 1761 375 1871 subsequitur
387 1792 525 1844 omnes
540 1790 650 1870 reges
666 1783 848 1872 tyrannos
862 1762 951 1842 esse.
991 1761 1145 1844 Verum

124 1900 180 1954 :oz
211 1875 262 1954 do
287 1875 359 1955 tibi
384 1875 476 1968 hoc,
500 1903 550 1954 ne
574 1875 777 1955 menimis
803 1892 981 1955 tenacem
1006 1895 1144 1985 putes;

124 2003 169 2064 tu
173 1987 259 2091 jam
274 1986 378 2067 dato.
437 1989 537 2067 Haec
555 1984 623 2067 duo
628 1985 857 2096 sequuntur,
877 1987 1023 2096 inquis,
1039 1991 1148 2069 Deus

124 2126 161 2177 tx
173 2097 305 2209 fuerit
323 2114 564 2206 tyrannorum
589 2097 775 2192 dr'cendus,
799 2115 836 2177 et
854 2098 996 2208 quidem
1012 2117 1146 2209 tyran-

124 2206 372 2313 stmaximus.
431 2211 594 2290 Horum
612 2209 780 2290 alterum
805 2210 934 2290 finon
958 2210 1146 2319 sequitur,

124 2348 175 2399 ‚ur
186 2318 364 2431 profesto
377 2320 476 2400 illud
487 2321 594 2429 quod
610 2339 693 2401 toto
705 2321 807 2401 libro
820 2342 889 2401 tuo
902 2321 1054 2430 semper
1065 2319 1147 2403 fere

123 2460 189 2527 ur,
204 2451 243 2512 te
256 2460 335 2513 non
346 2432 541 2541 scripturae
555 2429 696 2526 solum,
708 2432 772 2512 sed
788 2433 945 2512 tibimet
955 2434 1147 2543 perpetu&

124 2542 280 2637 tdicere,
300 2562 345 2623 ut
365 2546 436 2652 qui
454 2543 636 2652 proximi
658 2542 822 2652 periodo
844 2541 956 2652 supra
977 2546 1146 2638 dixeras,

126 2656 251 2735 Deum
265 2683 387 2763 regem
401 2654 465 2763 effe
478 2655 633 2735 omnium
646 2684 786 2748 rerum,
799 2686 891 2766 quar
902 2673 939 2735 et
953 2655 1025 2765 ipst
1038 2685 1146 2738 crea-

136 2767 296 2846 Creavit
306 2785 440 2846 autem
452 2786 492 2847 et
504 2787 682 2874 tyrannos
695 2787 734 2847 et
745 2770 976 2862 Daemonas3
1007 2797 1147 2850 eorum

124 2906 135 2958 e
155 2905 225 2958 rex
239 2880 301 2958 vel
322 2897 387 2958 tua
407 2878 523 2987 ipfius
543 2878 743 2958 sententia.
803 2879 851 2956 In
870 2879 1038 2960 alterum
1061 2881 1147 2961 des-

124 3017 181 3084 us,
198 3010 238 3068 et
251 2988 525 3098 blasphemum
537 2990 635 3069 illud
649 2988 721 3069 tibi
736 3016 779 3068 os
792 2988 1019 3071 obturatum
1033 2993 1147 3072 volu-

124 3101 195 3209 qui
212 3102 348 3180 Deum
363 3101 531 3181 affirmes
550 3120 761 3209 tyrannum
775 3100 849 3180 esse
865 3103 1103 3198 maximum,
1120 3104 1148 3183 fi

124 3240 271 3306 torum,
291 3212 398 3322 quod
419 3212 498 3321 ipse
521 3212 654 3321 saepius
672 3211 784 3304 dicis,
813 3241 883 3292 rex
905 3232 945 3293 et
964 3213 1147 3294 dominus

124 3352 169 3403 tr.
201 3325 275 3404 Sed
288 3353 359 3404 nec
371 3353 454 3404 rem
467 3325 616 3431 regiam
629 3322 756 3404 multo
767 3324 856 3432 plus
868 3324 1038 3431 adjuvas,
1051 3325 1148 3406 dum

124 3435 188 3530 lis,
218 3436 360 3516 Mosen
392 3436 512 3515 etiam
545 3463 639 3515 cum
654 3435 802 3542 summa
825 3437 1003 3545 potestate
1027 3466 1148 3544 regem

178 3547 290 3627 Nam
309 3546 429 3628 fuerit
447 3546 549 3641 sane,
564 3547 628 3627 vel
647 3548 776 3655 quivis
794 3546 907 3641 alius,
928 3546 1148 3627 dummodo

124 3660 184 3769 lui
201 3686 259 3740 res
274 3659 431 3752 nostras,
447 3658 783 3767 quemadmodum
796 3658 944 3752 Moses,
956 3658 1009 3739 ad
1024 3661 1150 3739 Deum

124 3801 149 3852 ἰ
167 3771 295 3881 poffit.
354 3772 484 3851 Exod.
508 3771 657 3874 18,19.
716 3766 870 3849 Verum
885 3798 1013 3879 neque
1026 3772 1148 3866 Mofi,

124 3911 246 3992 quam
261 3885 293 3963 is
309 3882 389 3961 Dei
405 3882 512 3991 quafi
530 3880 668 3961 sodalis
687 3879 777 3974 fuit,
793 3880 906 3961 licuit
918 3883 960 3961 in
977 3884 1056 3963 Dei
1076 3913 1149 3992 po-

124 3994 308 4103 luicquid
322 3993 439 4073 libuit
454 3993 594 4073 facere.
644 3991 755 4099 Qid
770 3993 878 4072 enim
896 3993 989 4073 ille?
1040 3996 1151 4077 Venit

124 4142 126 4149 >
143 4105 205 4185 hic
217 4105 389 4215 populus,
406 4106 549 4214 inquit,
564 4101 619 4184 ad
632 4101 882 4208 consulendum
897 4107 1050 4199 Deum;
1071 4135 1150 4186 non

124 4218 173 4297 ad
201 4219 381 4297 mandata
412 4217 537 4296 Mofis
563 4214 800 4322 accipienda.
859 4216 971 4295 Tum
995 4216 1151 4327 suscipit

124 4358 160 4422 o,
177 4331 243 4439 esto
262 4346 306 4410 tu
318 4346 392 4437 pro
410 4330 475 4408 hoc
487 4327 619 4436 populo
639 4355 731 4432 erga
745 4327 884 4420 Deum,
903 4347 940 4407 et
958 4357 1153 4409 commone·

124 4470 200 4520 'eor
218 4441 261 4522 de
279 4440 419 4547 legibus
439 4440 529 4520 Dei.
594 4440 648 4518 Et
667 4437 800 4516 Moses
820 4439 944 4518 Deut.
967 4445 1005 4540 4.
1029 4467 1067 4547 5.
1089 4440 1152 4521 do-

124 4582 150 4632 u
154 4552 309 4661 statuta
328 4571 365 4632 et
372 4550 537 4656 judicm,
558 4547 848 4660 quemadmodum
864 4552 1049 4659 praecepit
1066 4551 1158 4631 mihi

124 4728 126 4744 .
178 4664 298 4744 Unde
303 4662 433 4772 fidelis
450 4663 595 4744 dicitur
614 4660 652 4742 in
671 4677 751 4743 tota
768 4659 866 4742 domo
886 4661 975 4743 Dei.
1021 4661 1152 4743 Num.
