2888 5204
445 557 672 661 Desenfio
696 563 925 664 Secunda.
1179 600 1258 686 275

159 729 327 817 Τοὸνικοο
344 732 479 842 Tpauir
497 733 626 847 ἔφῶμον
644 733 774 844 rimport
794 736 887 836 rivio
906 734 1062 820 isaar-m.

158 877 403 982 Quapropter
423 867 597 978 Trojanir
614 875 880 984 permittamus
895 872 1143 986 prudentibus
1162 873 1257 951 hanc

216 980 318 1062 litem
323 981 581 1088 judicandam.

110 1140 158 1223 Et
173 1141 297 1252 pauli>
314 1143 416 1255 post,

158 1286 220 1373 Oi
230 1330 275 1398 pa
289 1288 381 1390 isram
395 1291 500 1376 ἰθεῖαν
515 1291 581 1376 ini
591 1321 690 1394 σφισι
707 1292 919 1391 noricum,

158 1398 219 1485 oi
233 1439 296 1484 τννν
310 1405 375 1511 ἦρα
392 1401 542 1511 pipant
561 1404 635 1488 iatri
650 1406 757 1516 μοίλον
770 1405 912 1500 πάντας
923 1403 1085 1511 Ἀχοονοῦς

152 1509 249 1598 Ἴσον
266 1512 519 1624 ἅπεχθονίρονον
538 1518 649 1615 κακῆς
662 1516 862 1630 μεμνημένον
877 1517 980 1616 ἄτης.

158 1677 389 1787 Qijustum
395 1679 582 1788 judicium
599 1678 643 1763 de
661 1683 707 1763 iis
710 1683 896 1791 fecerint,

159 1792 318 1872 Nemini
323 1792 599 1902 gratpscantes,
612 1822 694 1875 cum
711 1797 942 1877 vehementer
958 1824 1076 1878 omues
1086 1794 1254 1875 Achivos

158 1903 285 2014 AEqui
302 1903 459 2000 oderint,
473 1905 567 1986 mali
580 1934 749 1988 memores
767 1906 904 1988 damni.

110 2079 204 2176 Haec
218 2082 620 2190 Smyrnaeusille,five
634 2083 815 2164 Calaber.
843 2083 1252 2193 Infidiosusitaquesrs

110 2191 425 2304 >portet,meque
437 2195 478 2276 in
490 2195 682 2283 invidiam
693 2196 1132 2305 conjicerelabores,qui
1144 2197 1252 2304 quod

110 2303 297 2388 iudicium
311 2308 353 2386 in
369 2304 479 2387 hoste
493 2310 647 2387 redium
662 2327 780 2417 atque
795 2309 988 2388 sincerum
1003 2306 1079 2386 effe
1091 2306 1201 2401 solet,
1210 2308 1251 2387 id

110 2413 196 2497 iolo
210 2417 317 2498 malo
331 2437 373 2499 et
386 2415 543 2528 gravius
561 2419 726 2500 laedendi
745 2422 878 2501 animo
891 2419 1113 2528 corrumpis
1131 2437 1251 2528 atque

110 2527 305 2637 depravas,
323 2531 378 2611 ita
395 2557 476 2611 non
493 2533 554 2612 vir
572 2530 694 2612 modo
711 2530 831 2612 sedet
850 2529 969 2611 hostis
987 2526 1254 2640 depravatiffi-

110 2666 195 2721 mua
208 2668 262 2724 es.
321 2640 476 2724 Verum
489 2669 579 2750 ego,
593 2642 702 2724 nullo
714 2644 875 2751 negotio
891 2641 1103 2723 frustrabor
1122 2660 1177 2738 te,
1192 2645 1253 2722 vir

110 2748 231 2848 boue3
251 2781 479 2864 quanquam
491 2755 601 2836 enim
613 2755 808 2864 Ulyssem,
825 2753 948 2850 idest,
964 2752 1086 2864 quim
1099 2755 1252 2864 optime

110 2861 152 2943 se
171 2867 298 2974 patria
318 2869 506 2948 meritum
523 2894 588 2948 me
602 2866 677 2947 esse
696 2865 783 2947 sane
802 2894 995 2977 perquam
1013 2867 1173 2961 vellem,
1194 2885 1253 2948 ta·

110 3001 199 3056 men
219 2975 418 3058 Achilleia
443 3006 553 3059 arma
578 3006 659 3059 non
689 2977 838 3073 ambio,
865 2980 1012 3060 coelum
1043 2982 1085 3058 in
1114 2981 1254 3089 clypeo

110 3086 272 3194 pistum,
297 3091 407 3198 quod
428 3090 512 3185 alii,
535 3118 616 3171 non
638 3119 728 3200 ego,
755 3091 796 3169 in
811 3091 1026 3171 certamine
1049 3090 1251 3200 aspiciant,

110 3197 298 3307 praeferre,
314 3229 413 3283 onus
432 3230 510 3282 non
526 3204 694 3313 pictum,
714 3202 779 3283 sed
794 3231 950 3297 verum,
967 3201 1143 3284 humeris
1157 3232 1251 3314 por-

110 3328 201 3423 mre,
212 3314 320 3421 quod
331 3341 422 3422 ego,
447 3342 525 3394 non
546 3315 613 3395 alii
630 3315 810 3408 sentiant,
837 3342 916 3394 non
936 3341 1092 3422 quaero:
1123 3316 1252 3423 Equi-

110 3422 197 3503 iem
225 3451 320 3505 cum
348 3426 474 3506 nullas
502 3428 667 3508 omnino
696 3426 908 3507 simultates
933 3445 1001 3507 aut
1023 3426 1251 3507 inimicitias

110 3532 188 3616 ullo
206 3563 299 3616 cum
319 3534 482 3618 homine
500 3540 667 3648 privatas
687 3565 838 3648 geram,
858 3565 987 3646 neque
1002 3538 1121 3632 ullus,
1141 3538 1250 3647 quod

110 3644 238 3741 biam,
257 3677 418 3730 mecum
437 3668 560 3757 gerat,
579 3667 638 3731 tot
653 3653 693 3730 in
714 3678 778 3730 me
798 3650 1007 3731 maledicta
1017 3648 1171 3755 jactari,
1191 3668 1252 3730 tot

110 3757 244 3868 probra
257 3762 698 3870 torqueri,Reipublicae
712 3763 902 3842 duntaxat
913 3761 1127 3854 causa,non
1144 3790 1248 3855 mea,

110 3874 330 3980 aoaequiore
345 3873 479 3954 animo
495 3871 605 3955 fero:
634 3902 707 3955 nec
722 3875 874 3985 praemii
892 3893 933 3955 et
944 3874 1250 3955 commodorum

110 3982 194 4063 nde
207 3987 539 4091 provenientium,
563 4005 716 4095 partem
738 3985 857 4095 longe
880 3987 1106 4080 minimam,
1133 3988 1250 4095 igno-

110 4094 233 4175 niniae
243 4095 362 4206 longe
375 4097 593 4178 maximam
605 4099 817 4208 pervenisse
831 4099 880 4179 ad
891 4125 957 4178 me
969 4125 1132 4207 queror;
1153 4126 1249 4178 con-

110 4224 233 4288 tentus
255 4235 342 4316 quae
363 4206 526 4290 honesta
548 4209 655 4290 fastu
680 4210 781 4305 sunt,
810 4238 856 4290 ca
878 4228 1038 4320 propter
1060 4210 1098 4291 se
1121 4208 1249 4292 solum

110 4319 301 4429 rppetiffe,
326 4338 367 4401 ct
384 4323 504 4429 gratis
527 4321 731 4432 persequi:
764 4322 810 4402 Id
832 4322 901 4402 alii
915 4324 1099 4416 viderint,
1127 4341 1250 4433 tuque

110 4429 212 4525 tiro,
235 4459 301 4513 me
315 4432 401 4514 illas
412 4434 617 4543 opimitates
631 4453 748 4544 atque
763 4452 857 4545 opes,
872 4461 969 4542 quas
986 4431 1088 4514 mihi
1103 4461 1249 4544 expro-

110 4568 184 4637 νιν,
215 4569 295 4625 non
323 4545 504 4655 attigisse,
538 4574 667 4655 neque
698 4575 746 4628 eo
774 4549 935 4627 nomine
961 4574 1043 4656 quo
1072 4544 1249 4626 maxime

110 4653 269 4752 musae,
299 4655 419 4738 obolo
447 4656 596 4739 fastum
629 4659 828 4740 ditiorem.
888 4659 973 4738 Hic
1003 4656 1131 4737 rursus
1162 4656 1250 4737 infit

110 4768 307 4864 *sornam
317 4767 483 4852 secunda
496 4770 659 4882 epistola
670 4771 799 4853 causas
811 4765 1146 4865 scribendirefert;
1161 4770 1248 4850 cui-
