2888 5204
196 492 206 511 ὶ

485 575 711 678 Defensro
735 577 963 677 Secunda.
1217 614 1269 695 29
1275 617 1296 702 3

138 751 258 834 rebus
276 755 480 852 confedtis,
510 754 605 838 ci1m
628 758 714 864 jam
743 758 897 838 abunde
925 758 998 838 otii
1026 754 1292 838 existimarem

137 863 245 945 mihi
266 866 461 964 futurum,
475 872 523 950 ad
536 868 738 949 historiam
752 872 895 977 gentis,
911 869 960 950 ab
979 869 1118 949 ultima
1139 871 1291 977 origine

138 980 366 1087 repetitam,
380 982 428 1061 ad
443 980 525 1063 haec
541 983 661 1091 usque
676 1002 868 1092 tempora,
881 981 909 1061 fi
921 982 1085 1092 poffem,
1098 1002 1291 1090 perpetuo

137 1087 210 1170 filo
241 1093 513 1174 deducendam
544 1122 609 1174 me
635 1097 835 1174 converti:
868 1113 1035 1201 quatuor
1059 1095 1145 1200 jam
1172 1094 1291 1176 libros

138 1200 396 1301 absolveram,
415 1206 511 1287 cum
531 1235 621 1287 ecce
638 1205 738 1286 nihil
756 1208 832 1287 tale
852 1207 1094 1313 cogitantem
1113 1233 1193 1299 me,
1211 1208 1291 1285 Ca-

137 1313 216 1394 mli
230 1345 353 1425 regno
369 1320 409 1398 in
423 1320 712 1429 rempublicam
728 1316 1289 1413 redacto,Conciliumstatus,

138 1428 249 1534 quod
278 1432 438 1526 dicitur,
469 1450 558 1512 tum
587 1428 765 1541 primirm
794 1429 1030 1511 authoritate
1052 1430 1290 1511 Parlamenti

136 1539 412 1637 constitutum,
435 1543 537 1624 adse
557 1563 684 1636 vocat,
707 1543 875 1651 meique
899 1542 1016 1651 operi
1039 1541 1087 1620 ad
1112 1570 1171 1622 res
1191 1571 1288 1651 prae-

139 1650 277 1733 sertim
289 1673 466 1736 externas
486 1657 546 1735 uti
562 1655 702 1735 voluit.
763 1655 913 1734 Prodiit
933 1652 1037 1733 haud
1058 1654 1185 1734 multo
1206 1654 1292 1762 post

137 1763 350 1847 attributus
366 1769 472 1875 Regi
497 1767 610 1862 liber,
640 1785 776 1847 contra
797 1766 1092 1846 Parlamentum
1120 1767 1290 1845 invidio-

137 1874 280 1957 fiffime
310 1878 397 1958 sane
422 1880 611 1990 scriptus:
642 1876 736 1958 huic
765 1878 992 1987 respondere
1015 1877 1152 1984 jutius,
1178 1879 1288 1958 leoni

139 1987 410 2071 Iconoclasten
425 1991 589 2101 opposui
605 2023 615 2086 ;
638 2019 716 2071 non
731 1991 847 2097 regiis
858 1989 1025 2070 manibus
1036 1990 1232 2097 instrltans,
1246 2010 1291 2070 ut

134 2099 359 2197 iufimulor,
386 2103 450 2183 sed
474 2105 652 2212 reginam
672 2105 878 2182 veritatem
904 2104 988 2211 regi
1009 2103 1154 2182 Carolo
1179 2122 1290 2184 ante-

136 2215 366 2321 ponendam
388 2215 610 2310 arbitratus,
637 2217 763 2294 immo
786 2243 879 2294 cum
909 2214 1163 2324 praeviderem
1189 2213 1290 2295 hanc

137 2324 380 2406 calumniam
397 2329 522 2408 cuivis
537 2328 732 2408 maledico
751 2328 792 2404 in
808 2345 996 2436 promptu
1012 2324 1111 2418 fore,
1126 2325 1207 2434 ipso
1220 2355 1290 2406 ex-

136 2436 267 2531 ordio,
280 2457 321 2518 et
342 2439 436 2549 saepe
449 2438 556 2534 alias,
569 2438 698 2549 quoad
712 2439 839 2532 licuit,
856 2434 878 2516 a
892 2466 956 2516 me
971 2438 1085 2516 istam
1100 2439 1290 2517 invidiam
1346 2425 1351 2440 ⁸

136 2545 225 2627 sum
241 2551 441 2632 amolitus.
464 2554 617 2633 Prodiit
630 2551 771 2630 deinde
786 2549 1013 2630 Salmafius:
1036 2550 1101 2628 cui
1121 2551 1209 2657 quis
1227 2579 1288 2629 re-

138 2655 361 2770 sponderet,
368 2665 465 2743 adeo
478 2692 558 2745 non
570 2662 766 2772 diu,quod
782 2664 836 2742 ait
849 2662 1006 2755 Morus,
1018 2660 1289 2771 dispiciebant,

139 2790 184 2851 ut
202 2801 271 2854 me
286 2777 326 2854 in
346 2777 516 2857 concilio
533 2796 619 2855 tum
634 2780 754 2856 etiam
767 2772 993 2885 presentem
1008 2773 1138 2854 statim
1152 2803 1290 2856 omnes

139 2885 246 2966 ultro
259 2890 519 2968 nominarent.
552 2889 754 2968 Hadienus
767 2888 815 2966 ad
827 2886 1092 2967 obturandum
1105 2915 1147 2966 os
1160 2906 1289 2980 tuum,

139 2997 277 3093 More,
305 3019 345 3081 et
370 3002 573 3081 mendacia
598 3000 864 3107 redarguenda
888 2997 1084 3078 bonorum
1112 2997 1290 3079 maxime

138 3111 317 3191 virorum
336 3114 378 3191 in
397 3115 581 3222 gratiam,
593 3114 663 3220 qui
684 3141 748 3191 me
764 3109 856 3191 alias
872 3138 950 3189 non
967 3111 1113 3204 nbrint,
1127 3114 1208 3191 mei
1228 3140 1290 3190 ra·

139 3222 292 3303 tionem
305 3224 468 3305 reddidi.
483 3314 489 3325 ⁸
504 3226 572 3304 Tu
586 3223 863 3332 igitur,More,
877 3223 950 3302 tibi
966 3223 1055 3302 dico
1067 3224 1287 3316 immunde,

138 3332 318 3444 φιμᾶθητι,
343 3335 568 3418 obmutesce
593 3338 771 3446 inquam,
797 3335 879 3443 qub
905 3335 1012 3415 enim
1040 3336 1165 3441 magis
1185 3333 1288 3414 mihi

137 3446 405 3546 maledixeris,
430 3448 478 3528 eb
498 3477 563 3528 me
584 3450 751 3528 rationes
776 3475 882 3527 meas
906 3446 1065 3526 uberius
1086 3446 1285 3555 explicare

136 3560 339 3667 coegeris:
360 3588 411 3640 ex
425 3589 506 3668 quo
522 3560 627 3640 aliud
648 3561 789 3639 lucrari
809 3557 911 3638 nihil
925 3558 1085 3669 poteris,
1105 3585 1227 3665 quam
1242 3576 1288 3638 ut

138 3669 214 3751 tibi
229 3673 526 3753 mendaciorum
546 3671 806 3782 opprobrium
826 3670 955 3751 adhuc
978 3671 1133 3778 gravius
1153 3672 1289 3749 conci-

135 3782 223 3875 lies,
243 3781 347 3863 mihi
371 3785 419 3864 ad
435 3785 669 3892 integritatis
689 3784 1075 3864 commendationem
1097 3779 1144 3862 eb
1170 3781 1284 3862 latius

135 3895 244 3975 viam
261 3896 421 4007 aperias.
469 3894 818 4005 Reprehenderam
833 3923 907 4002 ego
920 3893 1166 3987 Salmafium,
1180 3895 1288 4001 quod

135 4025 372 4088 extraneum
396 4007 432 4088 se
457 4027 496 4088 et
522 4009 786 4115 alienigenam
818 4008 933 4088 rebus
963 4006 1101 4086 nostris
1132 4007 1286 4086 immis-

133 4119 296 4200 cuiffet:
328 4121 396 4199 Tu
416 4120 546 4213 instas,
570 4119 623 4199 ad
642 4148 696 4199 eos
715 4120 782 4230 qui
801 4118 854 4199 ad
869 4118 1049 4226 Angliam
1075 4148 1143 4199 non
1161 4120 1288 4227 perti-

132 4250 239 4324 nent,
251 4233 348 4311 hanc
362 4231 591 4340 defensionem
607 4231 763 4312 maximi
775 4230 978 4339 pertinere.
1021 4231 1132 4338 Qid
1148 4233 1288 4311 enim?

135 4342 293 4450 Pofflnt,
313 4344 459 4451 inquis,
475 4344 600 4453 Angli
619 4342 949 4453 existimaristudio
962 4345 1134 4452 partium
1158 4342 1286 4424 acrizls

132 4482 270 4563 agere,·
294 4456 422 4536 Gallos
440 4455 529 4536 veri
549 4455 820 4562 corfintaneum
840 4454 888 4563 cst
912 4456 980 4548 rei,
1001 4484 1070 4534 non
1090 4455 1283 4547 hominum,

131 4566 316 4648 rationem
329 4567 504 4679 habufffl.
553 4569 619 4647 Ad
639 4566 721 4647 haec
736 4567 875 4647 eadem
894 4594 980 4676 quae
998 4567 1106 4675 prius
1122 4593 1284 4672 reger03

130 4698 346 4761 externum
360 4699 401 4760 et
415 4680 694 4788 longinquum,
715 4680 841 4787 qualis
862 4699 904 4759 tu
925 4707 980 4772 es,
1001 4680 1042 4757 in
1062 4677 1205 4756 alienas
1225 4704 1285 4756 res

128 4790 347 4904 prasertim
360 4791 545 4886 turbatas,
556 4790 834 4873 immersorum
847 4790 883 4872 se
897 4791 1099 4870 neminem
1111 4789 1182 4870 nis1
1196 4815 1288 4871 cor-
