2888 5204
282 579 463 673 Contra
487 572 813 676 Alexandrum
837 583 1047 676 Morum.
1159 595 1239 702 367

113 744 222 825 ivem
241 750 420 856 quidem,
440 748 505 830 sed
524 751 779 859 inquilinum,
798 752 1074 858 alienigenam,
1091 769 1131 832 et
1146 753 1242 831 Sco-

114 858 324 941 o-Gallum
351 862 674 971 impuriffimum,
703 863 885 945 odiosum
910 862 1093 943 omnibus
1123 881 1247 970 atque.

115 966 301 1067 ffensum,
316 974 506 1083 Reipubl.
520 972 767 1083 hostem,qui
787 976 814 1055 si
834 973 915 1083 qub
927 974 1127 1083 expulsus,
1139 975 1240 1081 ejec-

114 1109 168 1174 us,
190 1100 231 1163 et
250 1085 291 1163 in
311 1113 396 1165 rem
415 1086 563 1166 malam
581 1088 807 1167 amandatus
831 1088 937 1181 esset,
962 1115 1011 1166 ne
1039 1086 1241 1166 tantillum

114 1194 258 1299 uidem
286 1198 459 1278 articulis
488 1200 595 1307 pacis
623 1218 853 1289 noceretur;
885 1196 1012 1278 immb
1042 1197 1241 1279 satisfieret

114 1301 239 1385 otiirs.
298 1310 365 1390 Tu
385 1310 518 1417 itaque
538 1311 680 1404 define,
698 1312 725 1390 sr
745 1310 856 1419 sapis,
870 1311 1089 1419 politicari;
1111 1329 1151 1391 et
1169 1338 1239 1418 pa-

113 1417 146 1496 is
166 1419 351 1499 articulos
367 1448 460 1500 cave
477 1419 622 1500 dehinc
641 1423 828 1515 mussites,
846 1423 984 1531 nequis
1004 1441 1042 1502 te
1062 1449 1113 1500 ex
1133 1424 1239 1531 pacis
1294 1515 1301 1527 ·

114 1529 266 1611 rticulis
279 1533 400 1639 Regii
413 1534 611 1613 Clamoris
627 1535 820 1613 editorem
833 1535 881 1613 ad
896 1533 1134 1642 supplicium
1149 1532 1238 1642 pos-

114 1658 166 1720 at.
227 1642 432 1725 Pollicitus
461 1645 561 1738 sum,
587 1647 731 1753 inquis,
759 1648 925 1753 Legato,
955 1644 1052 1724 nihil
1075 1644 1239 1724 indecens

114 1753 279 1834 siturum
303 1755 323 1835 c>
351 1757 489 1837 calamo
517 1784 605 1837 meo.
665 1757 812 1865 Neque
841 1755 990 1851 seselli;
1020 1756 1085 1835 vel
1112 1756 1238 1864 fiquid

114 1865 257 1945 mnino
277 1866 344 1945 illa
362 1869 404 1947 in
423 1888 532 1977 parte
552 1869 746 1962 commis,
762 1871 802 1947 in
823 1897 887 1948 me
901 1868 1028 1949 solum
1043 1868 1241 1962 commisi,-

116 2003 189 2054 um
222 1997 308 2057 tuos
334 2000 519 2060 excutere
554 2000 727 2088 putores,
764 1999 830 2061 tua
861 1984 1021 2085 tractare
1056 1980 1239 2089 inquina-

114 2105 225 2168 renta
249 2089 433 2171 sustinui:
465 2112 519 2186 et,
544 2089 653 2199 qubd
678 2093 760 2171 illic
784 2093 904 2171 etiam
929 2090 1109 2200 praesatus
1135 2092 1236 2185 sum,
1335 2160 1338 2166 .

115 2226 171 2278 on
200 2219 281 2280 tam
308 2203 405 2309 quid
437 2232 502 2282 me
534 2201 661 2310 magis
687 2204 885 2298 decuisset,
924 2201 1044 2311 quam
1070 2204 1168 2312 quid
1200 2224 1238 2284 te

114 2311 261 2418 ignum
287 2314 380 2393 esset
410 2314 644 2425 spectabam.
709 2315 800 2394 Nec
832 2312 1238 2395 tamensinde'centiirs

114 2440 158 2501 ut
178 2422 355 2504 acerbius
374 2428 415 2505 in
434 2446 471 2506 te
491 2423 730 2535 egmquim
748 2427 847 2506 olim
867 2427 941 2506 viri
960 2427 1172 2533 gravissimi
1196 2428 1238 2506 in

114 2535 323 2642 nprobum
338 2565 538 2647 quemque
555 2567 599 2618 ac
615 2539 815 2646 perditum
831 2558 870 2618 et
889 2537 1143 2619 concionibus
1163 2536 1238 2619 ho-

113 2645 302 2729 estiffimo
327 2677 486 2758 quoque
516 2652 684 2731 civitatis
714 2651 756 2728 in
783 2650 870 2729 loco
895 2670 1011 2757 atque
1042 2669 1238 2730 conventu

115 2756 250 2853 abitis,
267 2780 307 2841 et
326 2761 476 2871 scriptis
489 2763 620 2871 palam
635 2762 749 2842 editis
766 2763 910 2841 investi
924 2761 1023 2842 sunt.
1082 2758 1237 2841 Veritm

114 2869 138 2950 d
159 2869 259 2951 illud
279 2900 383 2954 nunc
396 2875 512 2953 venio
531 2873 637 2980 quod
653 2874 785 2952 virum
804 2872 1082 2954 sanoiffimum
1101 2893 1140 2953 et
1159 2871 1237 2953 hu-

114 3009 148 3061 rs
167 2984 287 3064 artatis
311 2984 429 3093 longe
453 2985 704 3066 castiffimum
729 2984 895 3065 offendit
917 2985 1110 3081 Morum;
1141 2985 1239 3066 illoto

114 3092 236 3173 :ilicet
240 3095 408 3201 ſsrmone
422 3115 522 3191 utor,
537 3094 662 3177 verbis
675 3097 783 3177 nudis
801 3115 837 3176 et
849 3098 1105 3206 praetextatis.
1138 3099 1237 3178 Pro·
1372 3143 1374 3148 <

114 3205 259 3286 udium
282 3205 455 3290 hominis
481 3230 520 3289 et
545 3207 828 3318 prostibulum!
857 3209 969 3288 Tine
989 3208 1098 3290 illota
1120 3209 1239 3290 verba

114 3314 374 3426 :prehendere
398 3322 468 3430 qui
497 3319 598 3400 faeta
624 3321 841 3429 turpissima
864 3340 1015 3427 patrare
1043 3348 1122 3400 non
1146 3349 1237 3400 eru-

114 3428 237 3511 sisti?
265 3432 356 3535 Jam
386 3461 463 3512 non
489 3432 697 3541 poeniteret
719 3429 911 3541 prosedb,
943 3432 1068 3539 fiquid
1094 3432 1134 3511 in
1159 3430 1237 3512 hoc

114 3567 234 3620 enere
265 3540 425 3623 liberius
449 3544 567 3653 paulo
594 3544 799 3636 dixissem3
831 3543 981 3623 etiamfi
1011 3543 1117 3624 aliud
1145 3544 1236 3622 inde

114 3650 192 3733 ihil
210 3652 429 3762 assequutus
442 3656 576 3748 essem,
592 3655 661 3733 nifi
682 3659 729 3734 ut'
741 3657 925 3737 elicerem
941 3682 989 3734 ex
1006 3675 1044 3735 te
1059 3654 1238 3735 diffimu-

114 3765 279 3845 itionem
316 3763 417 3846 hanc
456 3767 797 3876 improbiffimam,
831 3763 948 3873 te'que
987 3765 1237 3875 personatum

114 3875 274 3957 mnibus
304 3877 367 3957 vel
400 3877 495 3958 hinc
532 3879 662 3987 palam
702 3880 909 3958 educerem
942 3875 1237 3986 hypocritarum

114 3989 271 4068 mnium
292 3989 564 4071 deterrimum.
610 3991 732 4101 Qod
753 4009 886 4069 autem
907 4007 949 4069 tu
967 3988 1068 4069 mihi
1085 3991 1237 4070 dictum

114 4100 190 4181 bro
208 4118 291 4179 toto
303 4103 527 4195 ostenderis,
544 4103 651 4210 quod
666 4101 831 4181 verbum
847 4101 1009 4195 illotius,
1023 4098 1145 4210 quim
1159 4100 1238 4183 hoc

114 4211 220 4292 >sum
236 4212 405 4293 Morus?
431 4213 495 4293 sed
518 4241 595 4292 non
617 4214 658 4291 in
678 4213 797 4292 verbo
824 4209 950 4320 nsque
969 4213 1009 4291 in
1034 4242 1089 4307 re,
1114 4214 1238 4295 sedin

114 4325 282 4403 :vitium
298 4352 416 4405 omne
433 4345 549 4433 atque
566 4324 793 4404 obscoenitas
814 4342 894 4404 tota
913 4324 981 4405 est.
1018 4326 1085 4404 Tu
1100 4327 1238 4406 Fauno

114 4437 226 4517 uovis
247 4455 314 4515 aut
333 4438 440 4516 nudo
454 4439 590 4544 Satyro
610 4437 775 4545 turpior,
796 4435 898 4515 bona
917 4435 1034 4516 verba
1055 4439 1113 4516 uti
1133 4438 1237 4516 nuda

114 4547 208 4629 ssent
234 4549 310 4627 tuis
341 4548 517 4628 moribus
545 4547 722 4629 effecisti.
782 4550 917 4627 Tuam
947 4547 1055 4627 nulla
1081 4547 1236 4642 umbra,

114 4689 134 4740 e
166 4659 264 4739 ficus
296 4660 376 4768 ipsa
435 4662 585 4754 uidem,
613 4660 740 4740 velare
773 4658 1060 4768 turpitudinem
1092 4660 1236 4767 potuit.

114 4772 170 4882 'Qi
188 4792 226 4852 te
241 4771 353 4867 dicit,
371 4792 514 4881 tuaque
531 4771 693 4880 flagitia,
709 4800 803 4853 eum
821 4769 970 4851 necesse
988 4770 1046 4850 est
1060 4770 1238 4851 obscoena
