2888 5204
362 582 368 595 ·
410 544 650 645 Defens10.
689 555 807 683 Cap.
840 585 883 675 3.
1173 567 1220 646 61

68 742 162 802 tunc
175 722 325 802 scilicet
341 723 551 832 imperanti
569 721 759 827 subjectos
779 720 853 801 esse
866 748 1003 799 omnes
1015 721 1227 830 oportuisse

66 834 367 915 demonstraret.
425 837 484 914 At
501 836 527 915 ὂ
545 834 663 928 bone,
679 832 830 931 ληκύθιον
848 831 1065 927 dorstadum
1099 853 1141 912 ut
1163 863 1225 912 re-

65 974 160 1055 gem
180 945 319 1040 modo,
333 948 386 1028 ita
400 974 506 1026 nunc
519 948 918 1054 interpretamentum
939 943 1014 1024 hoc
1036 967 1117 1024 tam
1137 945 1223 1024 bel-

68 1060 152 1139 lum
183 1058 401 1168 perdidisti.
467 1063 602 1166 Qtam
639 1062 693 1137 tu‘
720 1057 927 1166 epistolam
959 1056 1028 1134 sub
1058 1058 1221 1137 Nerone

66 1171 254 1280 scriptam
281 1170 355 1251 effe
385 1171 456 1264 ais,
488 1170 557 1249 sub
586 1170 757 1248 Claudio
787 1169 927 1277 scripta
958 1168 1011 1247 esl
1044 1170 1222 1277 principe

64 1283 251 1392 simplici,
269 1301 309 1361 et
329 1309 406 1362 non
433 1282 567 1361 malo:
597 1280 674 1360 hoc
690 1282 764 1359 viri
784 1280 890 1359 dotti
915 1280 1133 1359 certissimis
1158 1310 1220 1359 ar-

66 1396 271 1500 gumentis
285 1414 538 1503 compertum
558 1391 727 1487 habent;
753 1393 1071 1501 quinquennium
1102 1393 1222 1471 etiam

66 1507 245 1586 Neronis
264 1506 571 1585 laudatissimum
602 1502 693 1597 fuit,
722 1503 825 1583 unde
844 1500 1125 1611 argumentum
1145 1501 1221 1583 hoc

66 1619 181 1698 toties
212 1619 470 1710 inculcatum,
498 1616 606 1725 quod
637 1616 773 1695 multis
810 1616 851 1693 in
879 1643 945 1694 ore
981 1615 1049 1707 est,
1086 1617 1221 1696 multis

65 1729 272 1839 imposuit,
300 1749 464 1836 tyranno
490 1729 711 1838 parendum
741 1727 829 1819 esse,
862 1755 909 1806 eo
936 1727 1041 1833 quod
1064 1726 1219 1807 ·Paulus

64 1839 244 1921 hortatus
263 1841 319 1920 est
339 1843 540 1920 Romanos
557 1860 601 1919 ut
614 1840 769 1919 Neroni
785 1838 904 1917 essent
919 1837 1093 1943 subjecti,
1109 1840 1219 1918 calli-

64 1952 163 2033 dum
190 1952 341 2032 indocti
365 1951 583 2061 cujuspiam
609 1970 885 2030 commentum
912 1949 985 2028 esse
1010 1952 1217 2059 reperitur.

65 2065 142 2172 Qai
152 2063 288 2172 obfistit
301 2063 488 2172 potestati,
514 2063 661 2143 scilicet
681 2064 881 2170 legitimae,
903 2063 984 2141 Dei
999 2063 1224 2143 ordinationi

65 2176 212 2284 obfistit.
271 2176 468 2284 Astringit
490 2177 611 2255 etiam
636 2202 745 2281 reges
769 2193 1008 2283 praeceptum
1032 2172 1122 2268 hoc,
1148 2178 1218 2283 qui

64 2288 224 2397 legibus
246 2306 287 2368 ct
310 2289 470 2368 Senatui
489 2286 690 2367 obsistunt.
750 2289 807 2366 At
829 2284 921 2364 verb
943 2287 1013 2394 qui
1038 2285 1219 2394 potestati

64 2398 227 2491 vitiosae,
247 2418 314 2478 aut
333 2399 533 2508 potestatis
554 2426 630 2478 non
651 2397 795 2478 vitiosae
813 2399 1032 2504 corruptori
1053 2415 1092 2474 et
1108 2426 1218 2477 ever-

65 2511 139 2591 sori
173 2509 336 2602 obfistit,
366 2539 416 2590 an
445 2513 477 2591 is
512 2511 594 2590 Dei
624 2510 863 2589 ordinationi
889 2509 1062 2588 obsrstit?
1093 2508 1217 2604 sanus,

62 2622 198 2715 credo,
219 2650 297 2702 non
317 2622 478 2702 dixeris.
536 2621 665 2701 Tollit
679 2649 840 2702 omnem
855 2620 1143 2701 dubitationem
1160 2621 1218 2701 se-

63 2761 192 2843 quens
209 2734 433 2829 versiculus,
449 2734 498 2814 de
516 2734 696 2841 legitima
715 2729 870 2814 tantbm
888 2732 1076 2841 potestate
1088 2734 1218 2842 Apos-

63 2847 194 2926 tolum
216 2843 281 2925 htc
300 2847 426 2954 loqui.
485 2845 724 2925 Definiendo
744 2847 852 2924 enim
873 2846 1059 2953 explicat,
1081 2847 1217 2954 nequis

62 2985 208 3051 errare,
228 2974 269 3037 et
287 2960 492 3069 opiniones
511 2956 604 3038 hinc
617 2958 778 3037 stolidas
799 2958 984 3064 aucupari
1003 2956 1131 3065 poffit,
1147 2960 1217 3066 qui

64 3069 140 3148 sint
159 3068 407 3176 magistratus
427 3070 624 3178 potestatis
640 3067 755 3174 hujus
772 3068 953 3161 ministri,
968 3089 1007 3148 et
1024 3096 1146 3176 quam
1165 3070 1216 3149 ob

63 3180 224 3261 causum
242 3180 431 3286 subjedlos
454 3180 529 3260 esse
552 3208 623 3260 nos
643 3179 844 3274 hortetur;
876 3181 1130 3288 Magssratus
1147 3212 1217 3262 non

50 3291 150 3398 sunt
164 3291 293 3371 trinori
302 3292 402 3373 bonis
412 3291 593 3401 operibus,
597 3291 674 3398 sed
682 3293 788 3372 malis
793 3323 807 3384 ,·
827 3292 913 3374 boni
920 3291 945 3371 d
959 3293 1136 3400 potestate
1147 3295 1218 3373 hac

63 3403 209 3485 laudem
223 3403 498 3512 adpiscentum
529 3403 782 3510 Magistrutus
799 3404 959 3511 minister
973 3405 1022 3513 est
1041 3406 1122 3485 Dei
1136 3407 1215 3511 nos-

62 3534 126 3597 tro
136 3514 225 3597 bono
235 3516 365 3608 durren·
385 3515 609 3625 nonsrustra
616 3515 782 3622 gladium
790 3515 1049 3624 gerit,vindex
1060 3515 1113 3594 ad
1119 3517 1216 3595 iram

62 3626 103 3706 ei
111 3627 182 3738 qui
191 3627 456 3735 malumfacit.
502 3629 605 3737 Qis
621 3646 752 3735 negat,
769 3630 857 3735 quis
874 3625 1034 3719 recusat,
1052 3627 1122 3706 nisr
1136 3629 1214 3705 im-

63 3739 229 3848 probus,
252 3740 350 3847 quin
377 3739 601 3845 hujusmodi
625 3739 808 3847 potestati
832 3758 900 3818 aut
922 3739 1120 3846 potestatis
1146 3740 1214 3818 ad·
1256 3756 1260 3765 '

65 3851 248 3931 ministro
267 3852 392 3930 libens
410 3850 449 3930 se
469 3851 670 3956 subjiciat?
700 3880 779 3930 non
799 3847 926 3931 solbm
945 3849 993 3929 ad
1017 3852 1216 3932 vitandam

63 3962 164 4041 iram
182 3980 223 4041 et
236 3963 507 4056 offenfionem,
522 3981 590 4042 aut
605 3991 728 4071 poenae
747 3981 871 4055 metu,
889 3963 1084 4041 sedetiam
1098 3982 1215 4073 prop-

62 4091 127 4152 ter
146 4068 410 4178 conscientiam.
470 4075 560 4154 Sine
586 4074 874 4182 magistratibus
897 4074 1020 4168 enim,
1045 4095 1084 4155 et
1107 4079 1214 4157 civili

65 4185 481 4291 gubernatione,nulla
493 4185 723 4295 respublica,
739 4186 846 4265 nulla
858 4184 1016 4265 societas
1028 4184 1214 4283 humana,

65 4297 176 4376 nulla
196 4297 276 4376 vita
295 4297 368 4377 effe
388 4297 529 4406 potest.
576 4304 678 4407 Qae
692 4318 826 4377 autem
846 4298 1027 4406 potestas,
1044 4302 1113 4406 qui
1130 4329 1215 4380 ma-

63 4407 246 4515 gistratus
269 4410 461 4488 contraria
487 4406 548 4488 his
571 4408 680 4504 facit,
708 4436 834 4517 neque
858 4409 926 4488 illa
949 4437 1077 4516 neque
1100 4409 1167 4491 hic
1193 4410 1215 4492 a

64 4520 161 4599 Deo
179 4519 339 4628 propri&
357 4521 558 4600 ordinatus
570 4520 637 4600 est.
699 4521 818 4599 Unde
832 4548 958 4629 neque
977 4522 1043 4600 tali
1064 4522 1126 4602 vel
1142 4552 1215 4632 po-

64 4630 211 4724 testati,
227 4631 291 4710 vel
305 4631 550 4741 magistratui
572 4631 763 4737 subjectio
775 4632 940 4712 debetur
957 4652 1026 4712 aut
1038 4635 1215 4742 praecipi-

64 4763 145 4837 tur,
167 4770 297 4853 neque
316 4770 386 4825 nos
405 4744 617 4853 prudenter
636 4744 815 4824 obstslere
836 4741 1117 4852 prohibemur:
1140 4773 1217 4826 non
