2888 5204
154 187 205 285 96
429 174 520 266 Pro
547 167 731 303 Populo
757 167 1024 301 Anglicano
1325 40 1335 237 l

150 347 329 453 gnaviter
344 344 558 425 inservires.
603 346 703 454 Qae
715 364 751 423 te
763 344 819 424 ira
832 344 1006 423 numinis
1016 341 1159 452 quasve
1171 370 1288 454 poenas
1333 318 1335 323 Ι

154 457 346 552 luentem,
367 457 408 536 in
423 456 555 536 lucem
575 473 614 535 et
624 484 692 537 ora
703 453 914 535 hominum
933 456 1127 549 evocavit,
1141 474 1186 535 ut
1196 473 1287 536 tantu

151 589 337 679 apparatu
353 567 508 670 causam
526 569 768 648 teterrimam
788 565 1123 678 impudentiffime
1140 567 1290 648 fimulet

153 679 394 762 stolidiffime
414 678 656 775 defenderes,
673 698 790 787 atque
811 681 865 760 ita
879 678 1128 761 defendendo
1144 680 1292 776 invitus,
1331 748 1335 775 ,

149 792 496 902 perqueinscitiam
502 792 708 901 proderes?
730 792 833 904 QIs
844 810 881 871 te
891 791 1001 902 pejus
1011 790 1294 902 perditumvel·
1331 778 1335 883 l

148 904 316 1013 let,quis
329 903 659 998 miseriorem,cui
665 905 751 1010 jam
762 903 1296 1014 solaimprudentia,solavae·
1333 898 1335 985 ἶ

148 1017 282 1097 cordia
304 1016 416 1096 saluti
436 1014 509 1094 elle
528 1017 722 1124 potestne
743 1017 788 1096 fis
808 1015 1105 1110 miserrimus‚fi
1122 1035 1294 1125 tymnnus
1332 1022 1335 1097 l

148 1126 700 1237 quorumcausamsuscepilli,
708 1128 890 1237 imperita
898 1157 942 1208 ac
953 1128 1068 1208 stulta
1079 1127 1294 1227 desenfioue

150 1259 258 1321 tanto
285 1242 412 1348 magis
435 1239 576 1319 invisos
603 1269 648 1321 ac
673 1239 915 1321 detestabiles
941 1240 1145 1335 omnibus,
1170 1259 1296 1321 contra

147 1352 467 1463 quamsperabas,
480 1352 706 1446 reddideris,
716 1369 865 1460 quanto
876 1351 1124 1458 iismajorem
1136 1350 1295 1433 malefa-

146 1466 277 1545 ciendi
290 1483 328 1544 et
342 1463 506 1574 impund
518 1464 747 1544 dominandi
760 1464 961 1543 licentiam
972 1466 1021 1544 de
1038 1464 1231 1546 industria
1242 1482 1297 1546 at·

148 1576 347 1672 tribuerim
366 1604 491 1684 eoque
500 1575 630 1686 plures
640 1576 856 1656 eorundem
867 1573 993 1657 hostes
1000 1575 1296 1657 inconsultum

146 1689 338 1768 citaveris.
365 1687 1000 1768 Sedredeoadtuatecumdiffidia.
1028 1689 1297 1770 Cumtantum

146 1800 188 1880 in
199 1800 363 1881 tescelus
373 1798 587 1895 admiseris,
595 1800 892 1908 uttyrannidem
901 1798 1212 1881 naturtfundare
1221 1800 1296 1882 stu·

147 1912 252 2007 deas,
273 1940 351 2022 prae
369 1912 514 1993 caeteris
531 1911 775 2021 gubernandi
795 1911 1008 1992 rationibus
1024 1911 1295 1993 monarchiam

148 2023 281 2135 primd
293 2026 527 2106 laudandam
542 2024 613 2104 tibi
625 2023 699 2104 effe
712 2024 861 2119 vidisti;
884 2024 935 2117 id,
950 2024 1008 2103 uti
1022 2023 1135 2119 soles,
1150 2025 1297 2136 incoepa

149 2156 229 2218 tare
243 2137 320 2216 fine
335 2138 593 2247 repugnantia
605 2137 757 2244 nequis.
801 2138 911 2216 Cum
922 2137 1031 2216 enim
1047 2135 1172 2217 moda
1186 2136 1298 2217 dixe-·

147 2277 221 2344 ras,
234 2247 346 2357 ipsam
357 2247 788 2357 regendiratianernſsve
800 2265 873 2357 per
885 2249 1016 2358 plures
1015 2249 1106 2355 stuc
1112 2267 1190 2359 per
1199 2267 1297 2360 pau·-

147 2360 261 2441 ciores
271 2361 360 2464 five
377 2377 450 2469 per
474 2389 585 2440 unum
607 2389 709 2470 aeque
733 2361 943 2440 naturalem
962 2359 1041 2470 affe,
1062 2359 1197 2441 statim
1221 2386 1297 2442 ean

146 2501 230 2583 quae
242 2489 441 2582 perunum
460 2489 654 2554 exercetur
672 2501 718 2552 ex
735 2472 792 2552 lis
810 2471 933 2553 tribus
949 2473 1068 2580 magis
1086 2473 1296 2553 naturalem

146 2583 211 2694 ‘ff'
229 2586 299 2677 ais,
320 2581 404 2663 imd
420 2585 490 2692 qui
505 2585 625 2664 etiam
641 2612 773 2665 recens
787 2585 955 2678 dixeras,
971 2613 1040 2665 non
1053 2586 1217 2694 patitur·
1227 2614 1296 2664 na«.

145 2714 241 2775 tara
257 2696 366 2776 unius
369 2696 680 2803 singularitatem
693 2695 951 2804 gubernantis.
1000 2698 1094 2801 Jam
1110 2716 1293 2805 tyranno·

147 2835 236 2887 rum
253 2834 391 2888 necem
407 2808 533 2914 objice
550 2811 615 2888 cui
631 2810 753 2901 voles,
764 2808 836 2915 qui
848 2827 889 2888 et
899 2806 1131 2889 monarchas
1141 2836 1294 2902 omnes,

146 2938 186 2999 et
197 2917 468 3001 monarchiam
484 2919 608 3029 ipsam
621 2921 688 3000 tud
700 2918 878 3000 fatuitate
887 2919 1090 3028 jugulasti.
1140 2918 1292 3001 Verllm

144 3060 231 3140 quae
243 3033 288 3113 fit
303 3033 444 3113 melior
455 3032 748 3112 administrandi
762 3033 942 3141 rempub.
957 3033 1070 3126 ratio,
1083 3060 1293 3142 perunum

144 3171 194 3224 an
209 3174 279 3256 per
290 3146 436 3256 plures,
451 3173 529 3224 non
545 3144 601 3224 est
617 3171 722 3225 nunc
733 3142 938 3223 differendi
951 3144 1075 3224 locus.
1136 3147 1192 3226 Et
1206 3174 1294 3225 mo-

144 3256 347 3340 narchiam
358 3258 524 3367 quidem
543 3256 660 3336 multi
675 3256 846 3336 celebres
861 3256 936 3335 viri
952 3255 1175 3351 laudarunt,
1192 3258 1221 3337 fi
1237 3278 1309 3356 ta<

145 3399 237 3451 men
250 3373 282 3451 is
293 3373 364 3478 qui
377 3369 478 3450 solus
491 3387 642 3477 regnat,
651 3369 710 3448 vir
721 3368 904 3447 omnium
916 3369 1107 3477 optimus,
1120 3387 1161 3448 et
1173 3395 1294 3477 regnu

143 3483 389 3590 dignillimus
414 3482 483 3576 fit;
518 3481 558 3561 id
587 3480 657 3560 nisr
686 3482 903 3586 contingat,
933 3478 1035 3559 nihil
1063 3479 1294 3562 monarchia

143 3593 356 3703 proclivius
373 3595 517 3672 ineam
537 3592 797 3699 tyrannidem,
813 3619 901 3699 quae
921 3591 1081 3700 pellima
1100 3592 1172 3686 est,
1192 3593 1292 3674 labi·

144 3723 220 3784 tur.
281 3706 374 3809 Jam
387 3703 494 3813 quhd
510 3705 558 3785 ad
574 3706 691 3784 unius
706 3703 894 3812 exemplar
912 3703 994 3783 Dei
1010 3703 1213 3814 expreffam
1230 3704 1299 3816 effe

143 3816 256 3910 dicis,
269 3820 359 3925 quis
371 3819 590 3926 potentiam
602 3817 742 3897 divinae
752 3814 919 3895 fimilem
933 3816 973 3894 in
986 3817 1098 3896 terris
1114 3816 1293 3898 obtinere

142 3930 285 4036 dignus
297 3929 367 4022 est,
384 3928 454 4008 nisr
465 3931 536 4038 qui
549 3929 776 4009 caeterorum
787 3928 970 4007 omnium
982 3925 1099 4035 longe
1112 3930 1293 4037 praestan-

142 4040 321 4136 tiffimus,
343 4043 464 4122 etiam
485 4041 658 4121 bonitate
678 4068 723 4120 ac
743 4040 929 4148 sapientia
951 4039 1007 4119 est
1026 4041 1119 4120 Deo
1138 4039 1292 4122 srmilli·

141 4181 252 4247 mus;
284 4155 316 4234 is
332 4173 464 4234 autem
480 4152 595 4247 solus,
609 4153 698 4232 med
708 4152 872 4260 quidem
889 4150 1090 4246 sententia,
1104 4157 1293 4263 expecta·

141 4289 202 4348 tus
229 4266 295 4348 ille
315 4260 396 4346 Dei
423 4265 525 4345 filius
552 4266 621 4346 est.
661 4265 805 4392 'Q'd
831 4290 1001 4371 regnum
1029 4264 1069 4343 in
1094 4261 1290 4346 familiam

139 4378 267 4461 rursus
282 4378 495 4473 contradis,
512 4397 556 4458 ut
571 4376 843 4490 patrifamrlias
856 4402 992 4483 regem
1004 4375 1204 4473 affimiles,
1220 4405 1291 4488 pa·
