796 1583
258 284 371 309 Defenfio
383 285 497 310 Secunda.
625 295 664 316 307

91 327 157 348 &culn
166 328 247 355 quaestui
257 328 375 352 habuerunt,
388 329 408 349 in
421 329 464 349 usus
478 329 580 349 transferre
594 329 641 349 belli
653 329 664 349 a

91 355 195 384 z-metipfis
204 356 292 381 conflati,
303 357 356 377 nefas
366 364 406 377 non
416 362 464 381 erat,
472 357 550 384 quando
560 358 614 378 aliud
625 364 663 377 non

91 388 129 404 *rat
139 385 247 412 reliquum,
255 385 307 405 unde
315 385 404 412 sumptus
412 385 459 405 belli
467 390 507 405 tam
515 386 579 412 gravis
586 393 609 406 ac
618 386 663 406 diu-

91 413 143 432 anmi
152 412 283 440 suppeterent.
313 413 377 440 Atqui
389 411 529 440 expeflabatur,
545 418 567 433 ut
580 413 665 441 epfiopis

91 444 157 467 *repta
166 445 206 468 opes
215 441 235 461 in
244 441 325 468 pastores
334 441 449 468 ecclqfiarum
461 446 591 468 erogarentur.
621 442 664 462 Ex-

91 468 200 492 ›estabanss
206 469 253 492 scio,
260 469 296 493 illi,
303 474 323 489 et
329 469 412 489 avebant
418 470 484 489 omnia
491 470 510 490 in
518 470 536 490 se
545 470 662 490 transfundi:

91 496 143 517 nulla
151 497 205 517 enim
213 497 241 517 est
247 504 319 524 vorago
327 502 367 517 tam
374 497 478 530 profunda,
488 505 531 525 qua·
539 505 578 518 non
587 498 663 525 expleri

91 525 146 547 :itius
155 532 216 552 quam
226 525 344 545 clericorum
351 526 431 545 avaritia
439 526 502 552 possit.
523 526 575 546 Aliis
586 525 662 546 fortasse

93 559 107 573 n
119 553 175 577 locis,
186 552 239 573 haud
249 553 304 581 aeque
314 554 407 573 ministris
417 553 528 581 provisum;
545 553 628 573 nostris
620 561 662 580 Jam

91 580 133 601 atis
142 581 236 609 superque
243 581 292 601 bene
299 586 347 605 erat,
354 588 399 601 oves
396 582 473 616 potius
480 581 592 609 appellandi
601 589 662 609 quam

91 609 181 632 ’altorem
187 609 292 642 pascuntur
298 610 361 636 magis
367 609 427 636 quam
434 609 526 636 pascunt;
536 610 618 637 pinguia
624 610 662 630 illis

91 637 206 664 ›lerumque
216 637 291 661 omnia,
298 644 322 657 ne
332 638 412 664 ingenio
420 638 502 664 quidem
510 642 601 665 excepto,
607 637 662 658 deci-

91 665 126 685 nis
135 665 190 685 enim
199 665 317 692 saginantur,
326 665 438 693 improbato
448 665 472 685 ab
479 666 522 685 aliis
529 665 622 686 omnibus
629 672 662 686 ec-

91 693 150 713 :lefiis
160 700 227 717 more;
243 694 327 720 Deoque
333 693 359 713 fic
369 693 468 717 diffidunt,
475 698 497 713 ut
506 700 538 713 eas
548 694 618 713 malint
627 701 662 721 per

91 721 224 748 mgistratum
233 726 292 749 atque
302 728 337 748 per
343 721 384 741 vim
393 721 430 741 suis
437 721 530 748 gregibus
537 726 661 748 extorquere,

91 748 149 776 [uam
158 749 190 769 vel
199 749 270 769 divinae
278 749 411 777 providentiae‚
423 749 454 769 vel
467 749 592 769 eeclefiamm
601 749 662 769 bene-

91 777 177 798 olentiae
182 782 202 797 et
208 778 323 804 gratitudini
329 777 412 798 debere:
424 782 482 804 atque
491 778 541 798 inter
547 777 588 797 haec
595 782 662 797 tamen

91 810 103 826 *t
111 805 166 833 apud
174 805 279 833 discipulos
286 810 306 826 et
312 806 364 832 apud
371 805 482 833 discipulas,
491 810 532 825 tam
539 805 608 825 crebrb
613 812 662 825 con-

91 834 184 857 fiuntur,
191 839 213 854 ut
219 834 267 861 quid
273 834 416 854 domicoenium
422 834 451 857 fit,
460 838 493 853 aut
500 833 661 861 domiprandium

91 861 138 882 »ene
149 861 245 882 nestiant:
261 861 308 882 hinc
322 862 388 889 itaque
403 862 503 882 luxuriant
517 862 607 889 plerique
622 868 661 881 non

91 894 160 917 :genn
170 890 267 917 liberique
277 896 346 910 eorum
353 894 373 909 et
382 889 474 917 conjuges
484 889 533 909 luxu
543 894 563 909 et
572 889 661 913 lautitiis,

91 925 134 938 tum
141 918 227 938 divitum
237 918 303 938 liberis
313 922 372 945 atque
382 917 498 945 conjugibus
507 922 595 938 certant:
611 917 661 938 hanc

91 946 141 966 iovis
155 945 264 966 latifundiis
278 945 376 965 adauxiffe
390 946 497 969 luxuriam,
515 945 568 965 idem
584 945 661 973 prorsus

91 973 158 997 uiss‘et,
169 981 191 994 ac
202 974 216 994 fi
225 974 269 1001 quis
279 981 353 994 novum
363 980 470 997 venenum,
479 974 548 1001 (quam
558 974 608 994 olim
618 973 661 1001 pes-

91 1008 128 1022 tm
139 1001 173 1022 sub
184 1002 314 1022 Constantino
324 1009 362 1021 vox
374 1002 428 1022 miffa
440 1001 524 1025 coelitus,
538 1001 625 1027 deflevit)
640 1002 661 1021 in

91 1029 188 1050 teclesiam
196 1029 302 1051 infudiffet.
332 1030 450 1050 Proximum
458 1029 485 1049 est
493 1034 514 1049 ut
521 1029 545 1049 de
555 1029 630 1056 injuriis
640 1030 661 1050 in

91 1058 163 1081 Deum,
172 1065 257 1085 quarum
267 1063 305 1078 tres
315 1058 403 1078 maxime
414 1058 546 1081 nominantur,
554 1057 579 1077 de
589 1057 661 1077 fiducia

91 1086 184 1106 nimirum
193 1086 263 1106 divinae
272 1086 323 1113 opis,
332 1085 354 1105 de
360 1085 447 1113 precibus
456 1090 512 1113 atque
519 1085 606 1112 jejuniis,
616 1085 661 1105 red-

91 1114 149 1134 lenda
159 1114 215 1134 nobis
225 1114 274 1134 ratio
284 1114 314 1134 fit.
344 1113 421 1134 Verum
430 1121 456 1134 ex
465 1118 546 1137 cremo,
555 1113 660 1134 hominum

91 1142 238 1169 :orruptiffime‚
249 1147 268 1162 te
278 1142 381 1169 redarguo,
396 1142 486 1169 illudque
495 1141 587 1169 Apostoli
598 1141 632 1162 abs
642 1146 661 1162 te

91 1170 186 1191 ‚rolatum
199 1171 220 1190 in
232 1175 252 1190 te
265 1175 375 1197 retorqueo.
406 1170 458 1198 Qs
468 1176 488 1190 es
499 1174 520 1189 tu
531 1177 566 1196 qul
582 1170 661 1190 alienum

91 1198 159 1219 ervum
163 1198 255 1225 judicas?
265 1205 332 1218 coram
338 1198 428 1220 Domino
435 1197 498 1218 nostro
505 1197 543 1217 fine
552 1197 624 1218 stemus
630 1198 660 1218 vel

91 1226 186 1247 adamus.
216 1226 269 1246 Illud
283 1226 369 1258 insuper
376 1226 446 1246 addam
457 1226 539 1246 Davidis
551 1226 661 1253 Prophetae,

91 1255 190 1281 Gumflcm
196 1253 329 1282 qffl1gojejunio
335 1254 415 1274 animam
421 1261 485 1277 meam,
492 1258 531 1273 tum
539 1254 571 1274 hoc
577 1254 663 1274 vertitur

91 1282 205 1309 'nfiammum
216 1282 306 1309 probrum
320 1282 371 1302 mihi
398 1282 481 1302 Caeteras
497 1281 534 1301 hac
549 1281 573 1301 de
586 1288 607 1302 re
620 1287 662 1302 tuas

91 1311 202 1338 garritiones
212 1310 345 1333 febriculosas,
358 1317 406 1337 quas
416 1317 475 1330 nemo
485 1309 514 1329 bis
525 1309 584 1336 legat,
594 1310 662 1329 minu-

91 1339 123 1359 im
133 1338 224 1366 persequi
233 1338 246 1358 fi
254 1338 334 1362 vellern,
341 1338 393 1358 haud
402 1337 464 1357 levius
474 1336 563 1364 profedb
569 1337 609 1365 ipse
615 1344 662 1365 pec-
