2888 5204
148 209 226 289 134
423 172 513 262 Pro
540 167 724 299 Populo
751 164 1017 297 Anglicano

142 345 254 426 sunt:
285 371 379 425 nam
396 345 503 453 quod
523 345 571 424 ad
579 344 644 450 jus
659 346 842 437 dominii,
857 344 954 451 quid
973 342 1116 421 distent
1133 337 1156 418 *a
1173 335 1264 417 servi·
1334 366 1342 377 ·

142 459 206 538 tiis
225 477 265 538 et
282 456 490 566 pecoribus
513 483 593 535 non
611 458 742 537 video.
801 453 997 548 Secundb,
1014 454 1084 562 qui
1097 451 1209 532 armis
1211 444 1270 554 fibi

142 597 295 675 regnum
308 568 428 674 fecit,
455 568 647 678 populum,
681 567 826 676 inquis,
858 596 928 647 non
956 565 1074 675 potest
1106 564 1273 644 authorem

142 680 333 787 agnoscere
356 679 503 788 imperii
511 679 660 788 prolati
678 680 744 758 uel
766 678 946 787 usurpati.
1003 679 1063 756 At
1084 674 1197 756 uobis
1215 696 1277 752 non

144 791 192 869 de
206 794 367 885 victore,
388 790 450 869 sed
470 792 518 870 de
536 791 693 869 subasto
709 818 800 897 rege
817 789 943 870 sermo
963 815 1067 867 nunc
1087 787 1168 881 est;
1197 780 1280 893 quid

144 904 269 982 vistor
288 903 417 1013 poffit,
438 900 529 983 aliis
549 901 848 1010 disputabimus,
870 921 913 980 tu
932 898 1009 979 hoc
1029 926 1117 1007 age.
1174 893 1283 1004 Qod

144 1032 277 1094 autem
301 1015 385 1121 regi
404 1015 470 1119 jus
497 1011 790 1123 patrisfamilias
813 1014 1022 1120 antiquum
1047 1011 1167 1090 toties
1186 1006 1285 1087 attri-

143 1124 246 1220 buis,
266 1144 311 1205 ut
341 1126 431 1205 inde
458 1122 634 1231 absoluta?
653 1125 843 1233 potestatis
861 1124 899 1204 in
925 1121 1074 1229 regibus
1099 1119 1289 1228 exemplum

143 1258 265 1345 petas,
279 1237 584 1316 diffimillimum
596 1235 637 1315 id
653 1235 819 1342 effejam
831 1231 964 1344 saepibs
975 1232 1126 1314 ostendi
1143 1262 1155 1311 ε
1187 1227 1289 1310 Aris·

144 1349 280 1427 toteles
301 1350 421 1428 etiam
440 1348 508 1427 ille
527 1375 649 1457 quem
665 1375 799 1457 crepas
814 1347 878 1426 vel
893 1347 1008 1425 initio
1025 1344 1292 1452 politicorum,

144 1458 357 1567 filegiffes,
378 1461 486 1538 idem
506 1478 544 1539 te
564 1458 776 1539 docuiffet:
808 1457 877 1539 ubi
900 1458 956 1537 ait
980 1453 1083 1536 male
1107 1481 1176 1534 eos
1189 1453 1294 1561 judi-

144 1597 247 1663 care,
275 1572 345 1679 qui
372 1572 473 1650 inter
497 1568 820 1678 patremfamilias
846 1588 887 1649 et
909 1594 1044 1675 regem
1067 1564 1216 1676 pariam
1238 1565 1296 1643 in·

143 1682 276 1761 teresse
292 1681 518 1760 existimant
524 1713 534 1775 ;
565 1709 718 1787 regnum
736 1682 829 1761 enim
844 1678 1044 1786 dfamilia,
1059 1706 1130 1757 non
1150 1702 1298 1757 numero

130 1790 267 1900 solum,
274 1791 475 1902 Jidspecie
489 1791 656 1901 diffirre.
703 1793 915 1902 Postquam
932 1792 1040 1870 enim
1055 1789 1150 1898 pagi
1166 1790 1211 1868 in
1226 1815 1298 1897 op-

144 1906 238 2014 pida
258 1923 298 1984 et
318 1907 432 1985 urbes
451 1932 623 1996 crevere,
644 1905 802 1985 evanuit
821 1904 1013 2014 paulatim
1026 1901 1090 2007 jus
1114 1900 1217 1980 illud
1237 1926 1300 1978 re-

144 2016 232 2122 gale
260 2016 433 2109 familiae,
462 2035 501 2095 et
528 2013 684 2122 agnosci
707 2015 874 2095 delitum
901 2014 967 2093 est.
1030 2014 1142 2092 Hinc
1166 2010 1301 2090 scribit

146 2128 361 2223 Diodorus,
375 2129 403 2207 l.
424 2155 459 2208 1.
482 2154 601 2234 regna
617 2125 832 2233 antiquitbs
845 2126 928 2206 dari
943 2151 1022 2204 non
1036 2149 1178 2230 regum
1192 2121 1301 2213 filiis,

145 2238 208 2317 sed
228 2240 275 2318 iis
295 2266 467 2346 quorum
487 2240 663 2318 maxima
680 2239 721 2316 in
738 2238 932 2347 populum
949 2233 1138 2315 beneficia
1153 2235 1302 2314 extite-

145 2368 249 2429 runt.
310 2352 363 2428 Et
394 2350 586 2454 Justinus,
608 2348 800 2457 Principio
819 2376 960 2442 rerum,
976 2346 1157 2455 gentium,
1181 2343 1303 2425 natio-

144 2489 299 2570 numque
318 2460 508 2568 imperium
524 2479 636 2568 penes
661 2487 766 2565 reges
791 2480 906 2553 erat,·
936 2488 1022 2569 quos
1042 2456 1303 2565 adfastrkium

145 2571 257 2677 hujus
272 2571 484 2680 majssatis,
504 2601 573 2651 non
592 2571 741 2651 ambitio
754 2571 963 2681 popularis,
970 2567 1227 2678 stdspebiata
1242 2569 1303 2650 in·

145 2701 205 2762 ter
218 2682 323 2763 bonos
334 2683 529 2763 moderatio
534 2683 777 2791 provehebat.
828 2685 946 2763 Unde
960 2681 1215 2791 perspicuum
1228 2683 1303 2775 est,

147 2796 188 2873 in
217 2793 300 2903 ipso
327 2797 509 2902 gentium
540 2796 751 2903 principio,
776 2796 992 2902 imperium
1020 2811 1233 2903 paternum
1260 2811 1303 2873 et

146 2905 435 2986 haereditarium
455 2908 606 2999 virtuti,
627 2925 666 2985 et
690 2907 870 3014 populari
894 2906 1024 2985 statim
1037 2904 1120 3010 juri
1139 2903 1300 2985 ceffisle.

148 3023 250 3129 Qae
274 3019 386 3125 origo
410 3019 570 3128 imperii
593 3018 691 3123 regii
716 3037 755 3096 et
783 3019 881 3097 ratio
912 3036 951 3097 et
978 3015 1090 3096 causa
1121 3015 1302 3095 maximis

148 3129 331 3210 naturalis
360 3130 429 3209 est.
491 3128 558 3208 Ob
587 3157 675 3208 eam
704 3130 813 3209 enim
838 3129 962 3239 ipsam
985 3128 1140 3217 causam
1164 3126 1304 3235 primb

147 3238 329 3322 homines
348 3242 390 3320 in
411 3268 536 3319 unum
555 3268 786 3335 convenere,
808 3268 886 3320 non
903 3260 947 3320 ut
966 3268 1066 3319 unus
1082 3264 1222 3317 omnes
1236 3240 1302 3316 in·

147 3352 319 3447 sultaret,
343 3352 407 3431 sed
430 3371 475 3432 ut
499 3379 736 3460 quocunque
761 3351 930 3431 alterum
956 3351 1130 3442 laedente,
1160 3375 1210 3427 ne
1234 3349 1303 3427 lex

147 3464 302 3557 deesset,
323 3491 419 3542 neve
432 3462 558 3568 judex
578 3466 679 3544 inter
698 3461 893 3556 homines,
914 3490 993 3568 quo
1015 3460 1119 3540 laesus
1139 3477 1208 3538 aut
1227 3460 1300 3538 de·

149 3572 330 3653 fendatur
349 3592 417 3653 aut
436 3572 572 3654 saltem
590 3576 823 3655 vindicetur.
883 3573 1085 3682 Dispersos
1104 3570 1204 3649 olim
1224 3569 1303 3651 ho·

148 3686 275 3765 mines
287 3703 326 3763 et
338 3683 543 3794 dispalatos
555 3686 716 3766 disertus
728 3687 882 3793 aliquis,
897 3705 937 3765 et
948 3685 1097 3793 sapiens
1113 3682 1160 3762 ad
1175 3682 1301 3762 vitam

147 3796 306 3876 civilem
326 3797 521 3890 traduxit3
553 3816 596 3876 tu
615 3799 680 3877 hoc
697 3798 853 3877 maxim?
871 3797 1023 3903 constlio,
1041 3794 1187 3902 inquis,
1201 3811 1248 3873 ut
1262 3795 1302 3875 in

149 3925 388 4014 congregatos
413 3907 602 4016 imperium
629 3908 796 3988 haberet.
855 3909 1120 3989 Nimbrotum
1144 3903 1302 3986 fortasse

148 4019 351 4125 intelligis,
371 4020 442 4126 qui
461 4037 715 4125 tyrannorum
735 4021 886 4129 primus
906 4017 1017 4099 fuisse
1036 4019 1206 4097 dicitur:
1237 4017 1303 4097 vel

149 4129 231 4210 haec
250 4150 316 4211 tua
336 4129 451 4210 solius
472 4132 622 4212 malitia
640 4132 709 4223 est,
725 4160 811 4239 quae
835 4133 875 4210 in
896 4130 983 4211 illos
1009 4129 1109 4210 olim
1134 4154 1303 4236 magnos

147 4262 188 4323 et
206 4242 349 4322 excelfi
368 4243 492 4322 animi
509 4245 611 4323 viros
630 4244 767 4323 cadere
787 4271 865 4322 non
884 4241 1030 4353 potuit,
1051 4260 1166 4321 tuum
1182 4238 1302 4321 solius

148 4352 657 4449 commentumdnemine,
670 4355 778 4462 quod
791 4354 922 4449 sciam,
936 4372 1026 4434 ante
1039 4371 1077 4433 te
1090 4353 1303 4449 traditum;
