796 1583
213 289 217 292 '
240 283 360 310 Defenfio.
379 286 439 319 Cap.
454 293 476 317 5.
604 295 643 316 ¹09

99 327 114 348 d
120 327 132 348 ὲ
140 328 247 349 Caesaribus
253 329 277 349 vi
284 328 387 356 ademptum
389 328 449 357 suffe
458 329 513 349 idem
522 329 557 352 ait,
565 328 642 349 Servius

99 356 145 377 llius
153 357 200 377 dolo
209 356 299 384 primurn
308 357 362 384 quafi
371 357 477 384 Tarquinii
487 357 547 377 Prisci
557 357 641 377 vicarius

99 384 170 408 naban
185 385 252 412 postea
261 384 308 405 verb
318 385 342 405 ad
352 384 450 412 populum
462 384 501 413 ipse
513 385 588 408 retulit,
600 385 641 405 vel-

99 416 103 422 “
110 412 224 439 ,iuberentne
231 412 255 440 st
268 420 348 440 regnare
356 420 363 436 ,·
379 413 458 433 tandem
473 418 495 433 ut
509 413 536 433 ait
550 413 640 437 Tacitus,

99 440 138 460 flor
143 441 202 468 legum
204 441 250 468 suit
256 441 306 468 queis
312 441 368 461 etiam
375 448 427 468 reges
434 440 586 468 obtemperarent.
602 441 641 461 Fe-

99 468 144 488 'etne
153 468 204 489 hanc
214 469 250 489 fibi
258 474 278 489 et
287 469 369 497 posteris
379 469 478 496 injuriam,
492 469 505 489 fi
518 469 575 496 supra
587 469 640 496 leges

99 495 121 516 iis
128 496 183 516 fui-ffe
189 497 223 523 jus
229 497 307 524 regium
315 497 410 517 senfiffet?
426 497 515 517 Ultimos
522 497 604 517 illorum
609 504 640 517 re-

99 531 115 544 n
124 524 246 552 Tarquinius
255 525 276 545 su
303 525 349 546 rbus
357 532 424 545 morem
432 525 454 545 de
462 525 543 545 omnibus
553 525 642 546 Senatum

99 552 169 574 sinlendi
173 553 247 580 primus
249 553 272 580 sb
293 554 309 573 it
312 561 319 576 ;
329 553 355 573 ob
364 552 405 573 haec
415 558 435 573 et
444 553 482 573 alia
491 553 565 580 flagitia
574 560 640 581 popu-

102 580 126 600 L.
133 581 245 608 Tarquinio
251 581 304 609 Regi
311 581 419 609 imperium
427 581 539 608 abrogavit5
549 581 641 601 exulem-

99 615 104 628 :
118 608 156 628 esse
172 616 220 629 cum
235 609 318 636 conjuge
332 616 355 629 ac
368 609 434 629 liberis
445 609 506 636 juffit.
536 609 585 629 Haec
600 608 641 629 fere

100 636 160 657 Livio
169 642 189 657 et
199 637 308 661 Cieerone;
323 637 395 665 quibus
408 637 456 657 alios
464 637 514 664 juris
526 637 575 664 regii
588 637 641 665 apud

99 671 168 685 manos
178 664 230 685 haud
240 670 262 685 tu
269 665 385 693 interpretes
394 665 482 685 attuleris
491 665 587 686 meliores.
608 665 642 686 Ad

99 694 183 713 tatur-«zm
217 693 255 713 uod
273 694 349 717 attinet,
367 693 485 721 temporaria
498 693 576 714 tantum
595 693 641 717 fuit,

99 727 105 740 ι
122 728 168 741 uam
181 728 191 741 a
221 721 268 741 ibim
279 721 315 742 nisi
327 721 450 741 difficillimis
461 721 574 749 reipublicae
589 726 641 741 tem-

99 749 109 768 1'
124 755 154 772 us,
161 753 181 769 et
191 749 241 769 intra
250 749 283 769 sex
293 749 368 769 menses
377 749 500 781 deponenda.
528 749 565 775 Jus
574 754 641 769 autem

99 781 209 804 vstratorum
218 777 272 804 quod
280 784 344 801 vocas,
352 784 391 798 non
398 784 431 804 Jus
440 777 497 801 illud,
506 777 537 797 sed
547 777 576 798 vis
584 777 641 805 plane

99 809 119 829 t;
130 805 238 833 imperium
244 806 345 832 nullojure
353 805 482 833 praeterquhm
489 806 549 826 armis
554 810 640 833 partum.

105 832 191 857 Tacitus,
205 834 278 861 inquis,
292 834 326 862 qui
330 833 369 860 stab
379 834 453 861 imperio
463 834 517 854 unius
524 834 602 861 floruit,
615 834 642 854 ita

100 861 146 888 pfit.
176 861 266 889 Princtpi
270 862 363 888 stammam
371 869 435 882 rerum
444 862 544 882 arbitrium
554 862 581 882 dii
589 861 641 882 dede-

99 889 204 915 1t,subditis
209 889 288 917 obsequii
291 890 353 917 gloria
359 890 425 910 retich
430 890 459 917 ιβ.
490 890 536 910 Nec
544 890 593 910 dicis
600 897 641 917 quo

99 923 122 940 o;
134 917 171 937 tibi
180 917 267 938 conscius
277 918 373 938 nimirum
382 918 482 945 infigniter
490 918 594 938 lectoribus
601 918 641 938 im-

99 944 149 965 ‘uiffe
155 953 161 968 ;
171 946 225 972 quod
233 945 284 966 mihi
291 946 373 973 quidem
380 946 446 966 statim
453 946 546 969 suboluit,
552 946 641 973 quamvis

99 980 135 993 um
148 973 206 993 illum
220 981 259 994 non
272 974 337 994 statim
349 974 420 1002 reperi.
450 974 499 994 Non
511 974 565 994 enim
574 974 641 994 Taciti

99 1007 108 1021 c
115 1001 174 1021 verba
183 1001 234 1025 sunt,
242 1001 339 1029 scriptoris
349 1002 403 1025 boni,
412 1006 431 1022 et
442 1002 527 1029 tyrannis
536 1002 641 1022 adverfiffi-

99 1044 103 1052 ‚
112 1028 144 1049 sed
154 1029 206 1057 apud
213 1030 309 1050 Tacitum
319 1030 351 1050 M.
359 1031 450 1050 Terentii
459 1030 560 1056 cujusdam
570 1030 641 1057 equitis

99 1057 161 1081 mani,
169 1058 204 1084 qui
211 1058 281 1085 capitis
289 1065 340 1081 reus,
346 1058 399 1086 ‘inter
409 1058 446 1078 alia
455 1065 498 1085 quae
508 1062 563 1078 metu
572 1058 641 1078 mortis

107 1092 132 1105 eo
143 1085 194 1105 dit‘h
207 1085 257 1110 sunt,
273 1086 298 1106 fic
308 1086 414 1106 Tiberium
429 1086 526 1110 adulatur,
541 1086 642 1106 annalium

100 1117 128 1133 to.
159 1112 297 1140 ‘mistammum
304 1121 367 1134 rerum
371 1114 464 1141 judicium
473 1114 501 1134 dii
507 1113 603 1137 dederunt,
609 1121 641 1134 no-

104 1141 184 1168 obstquii
192 1142 255 1169 gloria
267 1142 333 1162 relitza
345 1142 376 1170 ιβ.
406 1143 465 1162 Hanc
479 1146 500 1162 tu
512 1142 566 1169 quasi
575 1142 643 1162 Taciti

99 1169 182 1190 tentiam
188 1170 274 1197 profem
285 1170 320 1197 qui
328 1170 430 1190 sententias
439 1170 475 1190 tibi
482 1170 597 1190 commodas
603 1177 642 1190 non

99 1197 180 1225 pistrina
188 1197 252 1218 solum
260 1203 293 1218 aut
301 1198 401 1222 tonstrina,
409 1198 441 1218 sed
449 1205 474 1218 ex
482 1198 523 1225 ipsa
530 1198 643 1218 carnificina

99 1230 141 1246 Λαὶς
155 1232 195 1245 non
209 1225 320 1254 respueres:
339 1226 366 1246 ita
381 1226 448 1246 omnia
462 1226 493 1246 vel
508 1226 642 1247 ostentationis

99 1253 132 1277 1⁸3,
142 1254 173 1274 vel
181 1254 322 1274 imbecillitatis
331 1254 448 1274 conscientia
458 1254 588 1281 undecunque
598 1261 643 1274 cor-

99 1281 124 1301 is.
143 1281 239 1302 Tacitum
248 1282 336 1309 ipsumsi
346 1282 364 1302 le
378 1289 411 1303 ere
421 1282 525 1306 maluiffes,
534 1281 595 1309 quarn
606 1282 642 1302 ali-

99 1310 114 1329 ›i
129 1309 246 1337 decerptum
259 1310 391 1337 negligentius
404 1310 537 1334 transcribere,
549 1310 643 1330 docuiffet

99 1338 123 1362 is,
137 1337 168 1365 jus
180 1338 230 1358 illud
243 1338 385 1366 imperatorum
398 1339 450 1359 unde
461 1343 529 1359 ortum
540 1338 569 1359 sit.
602 1338 644 1367 Post
