2888 5204
142 211 220 293 370
387 166 613 266 Authoris
639 207 724 303 pro
750 167 792 265 se
819 164 1046 266 Defensio

141 345 298 426 cundum
312 346 445 453 fuerit
462 346 602 440 videre,
632 346 740 453 quod
763 364 891 425 narrat
914 344 1011 454 ipse,
1041 343 1174 453 quibus
1197 343 1287 424 ladi-

142 457 249 552 briis,
270 458 400 568 quibus
411 458 589 568 periculis
612 457 753 565 Legati
772 457 886 566 nostri
910 486 958 536 eo
988 477 1170 566 ternpore
1199 484 1286 536 con·

142 571 402 651 distarentur:
434 571 479 650 sit
497 571 560 651 vel
576 572 761 650 Satanicae
779 570 955 650 minister
970 571 1200 677 Synagogae,
1216 596 1285 648 non

144 683 301 778 laboro;
333 680 409 763 hoc
433 682 569 763 saltem
592 711 719 762 unum
747 681 845 762 bene
874 680 984 775 fecit,
1011 682 1123 789 quod
1147 702 1186 762 te
1212 701 1286 761 tam

144 796 377 902 diligentem
390 796 458 876 fibi
475 793 633 903 timque
649 793 808 875 fidelem
823 796 1051 887 diaconum,
1068 821 1150 874 non
1161 796 1286 874 Evan-

144 910 254 1016 gelii,
268 909 331 987 sed
351 907 593 987 insamiffimi
614 907 739 986 libelli
759 908 982 986 ministrum
997 905 1175 1013 reliquit.
1206 907 1287 1012 Age

145 1048 250 1100 nunc
272 1017 494 1128 triumphos
517 1020 565 1100 de
590 1048 654 1099 me
681 1020 786 1114 istos,
815 1047 914 1129 quos
942 1046 1018 1126 ego
1041 1016 1194 1099 flebiles
1223 1018 1287 1097 tibi

145 1133 339 1212 efficiam:
372 1129 504 1242 profer
524 1134 564 1211 in
585 1132 779 1225 medium,
800 1133 827 1212 si
846 1151 974 1241 potes,
997 1158 1089 1210 mea
1107 1131 1177 1210 illa
1194 1150 1287 1209 mert-

144 1245 266 1338 dacia,
286 1274 400 1324 meam
419 1244 520 1323 illam
540 1243 834 1354 imprudentiam,
860 1241 1120 1336 temeritatem,
1139 1241 1287 1324 audaci
1325 1340 1327 1349 Ι

145 1387 219 1451 am,
242 1357 491 1466 pertinaciam
514 1376 551 1436 et
573 1356 847 1466 impudentiam,
873 1382 1010 1435 meum
1036 1354 1138 1434 illud
1158 1357 1286 1462 ingens

146 1470 348 1579 piaculum
372 1467 480 1577 qudd
510 1489 547 1548 te
569 1470 689 1576 Regii
711 1469 908 1548 Clamoris
927 1465 1206 1547 affirmaverim
1224 1496 1287 1546 au-

145 1579 316 1660 thorem.
378 1581 518 1659 Clama
537 1601 731 1690 quantum
750 1600 860 1690 potes
880 1579 902 1660 ὲ
918 1580 1140 1688 longinquo
1153 1580 1203 1659 ad
1218 1581 1287 1659 Po-

145 1694 287 1800 pulum
306 1692 574 1800 Anglicanum
591 1722 713 1802 quem
729 1695 798 1773 illo
811 1691 922 1773 antei
938 1689 1089 1771 nefario
1107 1691 1287 1772 Clamore

145 1805 252 1884 edito
272 1822 353 1882 tam
374 1803 535 1911 indigne
555 1805 700 1886 laesrsti:
732 1834 825 1885 nam
848 1805 1032 1885 accedere
1058 1830 1139 1883 non
1161 1805 1286 1884 audes.

144 1913 389 2010 Vociferare,
413 1917 591 2024 inquam,
616 1918 643 1997 fi
664 1916 750 1998 satis
770 1920 812 1998 in
832 1935 917 1998 tuto
936 1944 999 2012 es;
1029 1917 1225 2024 Quarum
1242 1934 1288 2007 te,

147 2029 288 2138 Popule
300 2029 525 2136 Anglicane,
541 2049 610 2110 tua
629 2029 671 2110 de
687 2028 1000 2138 dsiltanofistllrt
1018 2027 1168 2141 apuria!
1197 2028 1290 2107 Hac

146 2144 254 2220 enim
276 2141 356 2251 ipsa
371 2143 466 2222 dum
487 2141 646 2236 clamas,
662 2144 759 2223 dum
777 2143 930 2251 plaudis
945 2141 1033 2234 tibi,
1049 2158 1090 2222 et
1107 2159 1290 2248 tanquam

147 2253 275 2363 elapso
295 2253 514 2360 gratularis
535 2254 656 2333 nescis
676 2283 741 2334 me
761 2254 879 2334 lustra
898 2274 979 2346 tua,
1000 2274 1040 2334 et
1058 2253 1182 2358 sylvas
1200 2280 1290 2332 ano-

147 2393 283 2472 nymas
303 2365 511 2472 indagasse,
532 2367 653 2446 nescis
677 2367 717 2445 in
739 2365 863 2475 plagis
882 2385 919 2445 te
939 2366 1037 2446 meis
1054 2362 1154 2446 else:
1184 2365 1291 2445 sentit

148 2479 246 2586 Pop.
264 2478 507 2584 Anglicanus
518 2507 583 2557 me
600 2506 676 2558 non
691 2478 961 2586 poenitendum
973 2479 1035 2556 vel
1049 2475 1289 2559 defensorem

141 2588 240 2696 juris
260 2588 332 2681 sui,
346 2589 407 2667 vel
424 2610 650 2670 venatorem
667 2590 840 2671 ferarum
856 2590 1026 2670 suarum.
1087 2591 1152 2668 En
1167 2617 1242 2697 ego
1256 2608 1289 2667 te

146 2701 403 2781 relustantem
423 2702 578 2782 obtorto
597 2702 716 2797 collo,
744 2704 966 2784 traductum
985 2730 1056 2811 per
1075 2730 1146 2781 ora
1165 2702 1290 2781 omni·

146 2842 231 2907 um,
245 2813 394 2922 pestem
412 2816 565 2922 populi,
583 2816 623 2894 in
640 2816 788 2895 Eclefia
803 2843 970 2908 verrem,
983 2813 1106 2893 caudt
1123 2840 1202 2892 non
1218 2815 1290 2892 mi·

146 2954 233 3019 nus,
254 2922 373 3035 quim
394 2926 556 3034 obliquo
576 2927 691 3006 dente
712 2927 952 3021 maleficum,
977 2927 1016 3004 in
1042 2925 1291 3036 conspesium

146 3039 327 3118 omnium
346 3039 545 3146 protraho.
599 3037 741 3147 Tique
760 3039 934 3120 belluam
955 3039 1054 3147 Pop.
1072 3038 1291 3145 Anglicano

147 3150 1290 3259 inspesiandammonAEdilitatis,sedDesens10nismeaegra-

148 3264 337 3342 tiffimum
358 3291 502 3343 munus
519 3263 607 3341 cdo.
667 3265 734 3343 Tu
754 3266 915 3357 interea,
946 3264 1094 3371 nequid
1123 3264 1220 3342 defit
1247 3260 1290 3339 ad

148 3373 413 3483 triumphum,
431 3403 551 3483 quem
568 3374 616 3454 de
633 3404 713 3469 me,
730 3397 774 3456 ut
790 3394 917 3486 putas,
937 3374 1069 3455 deluso
1088 3393 1208 3484 atque
1227 3374 1289 3452 de·

146 3506 262 3595 cepto
278 3488 376 3593 agis,
392 3486 498 3595 quhd
519 3483 727 3567 authorem
746 3489 941 3567 Clamoris
962 3506 999 3565 te
1020 3486 1208 3581 dixerim,
1228 3485 1289 3565 ad-

145 3596 273 3691 hibes,
293 3618 337 3677 ut
363 3599 471 3692 solet,
485 3599 609 3704 jocos.
670 3602 723 3679 Et
737 3601 922 3707 frontem,
946 3599 1092 3706 inquis,
1119 3593 1288 3679 immeriti

138 3709 355 3817 perfricare
370 3710 517 3804 diceris,
533 3728 613 3790 tata
632 3711 724 3791 enim
729 3711 949 3816 jamdudum
950 3711 1069 3818 srans
1082 3710 1159 3791 tibi
1163 3708 1284 3820 periet.

148 3821 248 3900 Noli
268 3848 372 3901 nunc
387 3823 434 3901 de
453 3851 517 3901 me
537 3824 671 3931 queri;
704 3825 785 3902 noli
801 3822 1024 3931 sarcffmas,
1042 3841 1082 3901 et
1094 3823 1285 3928 seennaset

131 3933 556 4039 scammata,s1mulatal
586 3936 712 4016 rursus
747 3938 949 4044 gravitate,
981 3931 1282 4045 reprehendere:

147 4048 374 4125 memineris
394 4066 438 4127 ut
457 4045 500 4126 hi
520 4049 603 4126 ludi
623 4045 645 4126 i
663 4050 785 4158 teipso
803 4048 1002 4129 instaurati
1021 4066 1061 4126 et
1082 4039 1281 4127 introducti

146 4186 250 4238 nunc
277 4160 371 4252 srnt3
414 4182 458 4239 ut
485 4159 736 4267 reprehensos
768 4161 888 4240 modd
916 4180 955 4239 et
983 4159 1189 4239 damnatos
1214 4150 1280 4265 ipse

144 4298 249 4351 nunc
265 4299 435 4351 revoces.
495 4273 530 4350 F
532 4292 662 4352 acetus
676 4273 750 4352 esse
765 4275 901 4382 cupis;
924 4299 1003 4351 non
1033 4270 1225 4350 succurrit
1247 4267 1280 4344 in

142 4382 362 4490 praesentia:
395 4383 602 4492 suggeram
621 4384 753 4493 itaque
778 4412 855 4492 ego
879 4384 951 4465 tibi
968 4383 1082 4488 jocos
1102 4382 1281 4491 quosdam
