2888 5204
285 583 813 684 Contra'Alexandrum
838 593 1046 683 Morum.
1160 629 1237 709 337

366 831 617 946 Testimonium
637 837 758 931 Mori,
772 855 867 947 pag.
895 865 958 918 10.

143 987 294 1098 Neque
312 987 406 1069 vero
427 990 547 1084 tacui,
567 990 595 1069 fi
615 991 680 1069 cui
700 988 808 1075 forte
833 989 949 1071 subiit
968 991 1158 1098 aliquide
1137 991 1235 1097 eJ‘us-

120 1099 198 1180 rodi
218 1099 415 1211 suspicari,
436 1100 500 1180 sed
520 1101 652 1211 palam
680 1121 720 1180 et
745 1101 878 1181 exerte
905 1101 1085 1212 respondi
1112 1104 1234 1183 recla-

120 1239 211 1307 rana,
228 1207 537 1321 conquestusque
552 1213 665 1292 sum
654 1214 778 1293 mvito
794 1212 960 1322 supponi
976 1213 1075 1295 mihi
1093 1214 1235 1295 soetum
1301 1279 1308 1295 .

120 1323 273 1418 ienum,
295 1325 487 1433 siquidem
506 1325 612 1405 illius
631 1329 765 1425 auctor
785 1325 875 1405 libri
893 1327 955 1406 vel
974 1354 1024 1406 ex
1044 1347 1151 1436 parte
1171 1328 1233 1405 vel

120 1469 125 1514 ι
144 1455 277 1516 totum
297 1437 556 1516 existimarer.

141 1550 340 1658 Qamvis
359 1547 438 1628 hoc
457 1546 598 1628 falsum
618 1547 663 1627 fit
682 1547 837 1628 tacuisse
857 1567 909 1641 te,
927 1569 994 1629 aut
1013 1549 1232 1629 reclamasse

120 1659 192 1738 uod
212 1659 377 1768 plurimi
396 1659 596 1753 testantur,
616 1660 686 1767 qui
713 1660 818 1739 tede
846 1688 893 1739 eo
920 1659 1020 1740 libro
1045 1682 1084 1742 et
1109 1662 1232 1740 confi-

120 1791 237 1851 entem
257 1791 306 1852 'et
338 1770 573 1880 gloriantem
604 1772 824 1865 audierunt,
859 1772 956 1850 dum
990 1770 1066 1853 hoc
1100 1793 1232 1852 tutum

120 1881 175 1976 bi,
195 1903 263 1963 aut
280 1885 392 1964 lucro
417 1904 486 1963 aut
512 1882 654 1962 honori
680 1881 876 1963 credidisti
896 1881 993 1977 sore,
1014 1883 1081 1964 hle
1102 1906 1232 1964 tamen

120 1993 208 2089 des,
230 1993 351 2102 qudm
370 1993 452 2075 hac
472 1993 592 2075 fuerit
609 2015 799 2105 concepta
818 1993 909 2088 alte,
936 2023 1008 2075 nec
1029 1997 1106 2076 fine
1122 1997 1233 2076 causa

120 2106 363 2201 roculdubio‚
397 2106 610 2187 hominum
640 2109 791 2215 opinio,
820 2127 865 2186 ut
899 2134 946 2186 ne
977 2106 1234 2188 familiaribus

120 2217 252 2299 uidem
280 2219 357 2299 tuis
385 2217 613 2328 persuadere
637 2220 824 2327 potueris,
844 2246 926 2345 quo
955 2217 1086 2300 minus
1113 2221 1234 2299 recla-

120 2347 242 2411 antem
269 2351 306 2412 te
332 2347 373 2411 et
398 2347 669 2440 conquerentem
689 2349 805 2438 atque
834 2328 993 2410 invitum
1017 2332 1121 2410 illius
1142 2331 1231 2410 libri

120 2439 291 2522 ultorem
325 2443 392 2523 vel
423 2471 469 2522 ex
498 2459 615 2551 parte
647 2442 763 2521 vel
745 2471 785 2521 tn
821 2459 937 2521 totum
975 2443 1038 2520 exi
1064 2442 1229 2522 imarint

120 2553 198 2634 »uid
225 2555 253 2633 si
280 2580 371 2662 ego,
394 2555 464 2662 qui
491 2573 529 2633 te
558 2553 695 2633 nostris
720 2552 894 2663 partibus
920 2553 1231 2633 inimicislimum

120 2635 172 2760 E
209 2685 249 2745 et
284 2667 333 2745 de
374 2664 596 2775 Republica
633 2665 760 2744 nostra
785 2662 945 2774 peffime
973 2664 1092 2744 solere
1123 2666 1232 2773 loqui

120 2775 361 2885 telligerem,
393 2776 468 2859 hac
506 2777 714 2887 plusquam
748 2776 853 2855 fama
890 2778 1021 2870 nixus,
1050 2775 1125 2857 hac
1157 2777 1231 2857 ho-

120 2889 240 2969 inum
284 2917 363 2969 non
392 2889 615 2998 vulgarium
655 2891 861 2969 communi
896 2890 1081 2997 opinione
1115 2908 1232 2997 atque

120 2999 268 3080 insensu
287 2999 490 3095 adductus,
504 3000 581 3081 hoc
596 3029 667 3108 pro
682 3022 790 3080 certo
807 3000 1059 3108 sumpfissem,
1074 3022 1111 3081 te
1125 3000 1232 3081 hunc

120 3111 267 3192 bellum
285 3112 563 3222 composuisse?
597 3114 665 3193 Tu
686 3132 820 3192 contra
839 3113 935 3220 quid
956 3113 1232 3221 affers,quam-

120 3251 221 3304 >rem
259 3243 373 3305 tantae
406 3222 634 3317 hominum,
666 3225 786 3304 etiam
820 3225 1040 3304 amicorum
1073 3246 1231 3305 tuorum

120 3335 321 3416 ruseufioni
337 3336 385 3416 de
401 3337 566 3416 inimico
582 3336 712 3416 nostro
729 3334 842 3416 facile
858 3333 1000 3414 habere
1018 3335 1137 3414 fidem
1154 3365 1231 3416 non

120 3447 319 3528 thuerim?
378 3449 546 3528 Factum
575 3475 706 3555 negas.
765 3449 823 3526 At
844 3445 1147 3555 quotusquisque
1176 3448 1232 3526 est

120 3587 257 3654 orum,
278 3560 348 3668 qui
381 3560 517 3641 multis
552 3560 672 3640 etiam
704 3559 863 3639 testibus
888 3559 928 3638 in
953 3559 1105 3664 judicio
1135 3586 1231 3637 con-

120 3675 208 3752 stus
238 3690 355 3780 atque
386 3670 607 3765 damnatus,
634 3673 675 3750 in
702 3669 785 3779 ipso
818 3670 998 3779 supplicii
1030 3671 1131 3764 loc0,
1163 3669 1232 3749 ubi

120 3785 204 3862 iam
232 3784 347 3892 poend
371 3784 531 3892 capitali
552 3783 717 3890 jamjam
743 3781 969 3890 plectendus
996 3780 1065 3874 est,
1093 3810 1235 3891 perue-

120 3922 177 3976 are
193 3897 344 3974 crimen
359 3894 472 3976 suum
488 3895 568 3974 non
588 3894 728 3988 soleat·
759 3892 887 3972 immo
901 3894 1091 3973 secretum
1107 3896 1234 4002 quod-

120 4011 355 4087 aanteaslae
380 4008 468 4086 vitae
498 4006 648 4087 facinus
681 4005 795 4085 suum
825 4005 1041 4113 proferre
1031 4033 1072 4084 m
1100 4006 1232 4086 lucem

120 4144 163 4198 >n
183 4119 312 4213 malit,
331 4117 392 4223 cuj
397 4146 441 4198 us
376 4146 598 4247 Jpoenas
622 4119 781 4198 meritas
805 4118 895 4196 dare
925 4117 961 4197 se
991 4145 1094 4197 nuuc
1113 4117 1231 4213 dicat,

120 4227 204 4310 ram
223 4231 273 4310 de
292 4230 361 4310 illo
377 4231 542 4310 crimine
562 4230 741 4310 confiteri
760 4229 809 4307 de
828 4256 908 4336 quo
929 4229 974 4310 fit
992 4231 1232 4311 condemna-

120 4342 174 4422 ui
233 4342 402 4422 Accedit
434 4343 584 4449 quod
572 4370 604 4421 rs
640 4361 726 4421 tum
759 4361 890 4447 negat,
919 4369 1014 4421 cum
1048 4341 1235 4423 sententia

121 4480 165 4533 m
196 4451 354 4546 lata,
311 4482 410 4534 cum
442 4454 626 4564 expedita
658 4472 698 4531 et
725 4453 955 4532 imminente
981 4453 1067 4558 jam
1097 4455 1233 4546 securi,
1352 4473 1362 4487 '

120 4563 229 4646 hil
211 4584 326 4670 Juvat
356 4593 484 4673 neque
520 4565 675 4675 prodest
706 4592 872 4672 negare:
914 4567 979 4643 Tu
1015 4584 1235 4674 propterea,

120 4676 192 4758 rod
213 4676 383 4786 prodest,
398 4676 505 4807 quod
521 4678 578 4757 est
596 4706 667 4757 cur
685 4698 852 4770 metuas,
868 4674 974 4784 quod
994 4676 1235 4756 manendum

120 4789 186 4870 ui
176 4817 216 4868 tn
238 4789 283 4870 iis
303 4791 516 4898 provinciis
537 4791 563 4870 st
585 4788 748 4868 faterere
772 4816 848 4867 non
869 4786 974 4880 esset,
995 4787 1142 4870 idcirco
1167 4817 1236 4868 ue-

137 4927 165 5004 4
649 4931 671 4979 Z
