2888 5204
156 600 238 660 rro
428 564 523 659 Pro
546 558 733 699 Populo
756 558 1027 694 Anglicano

147 739 351 821 Aenean
370 737 583 832 onnon,
604 736 710 847 verso
727 737 900 818 ennato
907 736 1021 845 statu
1037 737 1136 819 nnio
1149 717 1299 850 ψη

140 850 263 962 prisci
277 867 348 931 out
365 849 510 956 integri
521 849 634 930 noris
644 881 660 944 ,·
688 878 806 930 onnes
822 849 940 930 exuti
962 851 1181 961 aquatione
1196 851 1298 963 jufflr

140 961 327 1073 principis
349 961 537 1071 oospedare
548 991 564 1055 ,⁰
593 960 782 1042 docuisset
807 960 917 1041 idem
940 962 1145 1043 annalium
1167 967 1295 1059 tertio,

148 1074 252 1155 unde
272 1091 388 1154 tuum
407 1101 526 1154 omne
550 1073 616 1180 jus
635 1075 816 1182 regium;
851 1073 1049 1184 Postquam
1066 1075 1159 1155 exui
1172 1106 1298 1187 aeqroo·

145 1187 251 1280 litos,
270 1202 309 1265 et
315 1203 389 1295 pro
401 1184 568 1295 modestia
581 1213 628 1266 oc
638 1185 781 1296 pudore
794 1184 944 1266 ambitio
961 1205 1000 1266 et
1016 1187 1079 1268 vr's
1095 1186 1295 1282 incedebat,

140 1315 348 1408 provenere
376 1296 645 1391 dominationes,
672 1296 868 1407 multosque
890 1297 996 1407 apud
1008 1299 1163 1409 populos
1185 1320 1297 1382 oeter-

148 1409 236 1491 ninr
259 1408 435 1518 rnansere.
494 1411 608 1490 Idem
637 1437 689 1489 ex
715 1411 849 1490 Dione
873 1429 1027 1519 poteras
1050 1410 1242 1508 didicisse,
1271 1412 1298 1494 fi

148 1523 281 1603 innata
303 1522 438 1603 levitas
462 1540 502 1603 et
523 1521 780 1603 inconstantia
801 1539 868 1601 tua
887 1524 1104 1632 quicquam
1125 1542 1165 1604 te
1183 1521 1298 1606 altiiu

148 1637 351 1745 percipere
378 1653 588 1745 pateretur.
647 1635 794 1714 Narrat
816 1635 925 1714 enim
955 1637 987 1714 is
1013 1635 1041 1714 l.
1066 1661 1135 1744 53.
1164 1636 1235 1717 aba
1260 1656 1296 1718 te

148 1750 283 1842 citato,
311 1767 356 1828 ut
380 1748 527 1856 partim
549 1747 683 1839 arnus,
710 1746 855 1855 partim
874 1747 969 1827 dolo
986 1766 1027 1828 et
1050 1748 1297 1830 simulatione

148 1861 357 1941 Oelaviani
369 1858 527 1939 Caesaris
538 1858 728 1939 effectum
743 1858 804 1952 fit,
816 1877 862 1940 ut
875 1859 1132 1968 imperatores
1143 1860 1296 1969 legibue

148 1969 264 2053 soluti
282 1970 426 2066 essent3
457 1970 556 2051 dum
581 1971 690 2051 enim
715 1998 788 2079 pro
813 1972 1002 2051 concione
1024 1971 1238 2081 pollicetur
1262 1972 1298 2054 se

148 2083 372 2193 principatu
391 2082 606 2177 abiturum,
631 2082 785 2191 legibus
804 2102 844 2164 et
863 2084 1040 2193 imperils
1058 2085 1182 2165 etiam
1201 2085 1297 2167 alio·

148 2193 638 2306 rum-obtemperaturum,
653 2223 725 2305 per
743 2195 898 2275 causam
914 2195 1010 2276 belli
1028 2196 1071 2275 in
1086 2199 1297 2305 provinciis

146 2306 223 2388 suis
242 2307 403 2416 gerendi
419 2308 578 2389 retentis
596 2308 701 2417 apud
717 2304 755 2387 se
775 2306 928 2417 semper
940 2308 1180 2415 legionibus,
1200 2310 1297 2391 dum

149 2418 328 2501 simulate
351 2421 481 2501 renuit
493 2420 722 2529 imperium,
746 2418 883 2500 senfim
907 2420 1058 2501 invasit.
1117 2421 1219 2502 Nou
1244 2421 1300 2503 est

146 2530 225 2613 hoc
236 2532 390 2640 legibus
402 2530 476 2613 rite
489 2531 661 2613 solutum
677 2531 837 2626 effe,sed
852 2533 990 2640 legum
1003 2533 1177 2629 vincula,
1188 2534 1296 2643 quod

147 2644 339 2752 gladiator
367 2644 433 2723 ille
467 2645 672 2754 Spartacus
698 2644 843 2753 potuit,
877 2644 918 2724 vi
948 2642 1118 2739 solvere3
1152 2672 1299 2726 nomeu

147 2755 288 2836 deinde
313 2755 501 2864 principis
528 2774 595 2835 aut
621 2755 867 2863 imperatoris
891 2775 931 2836 et
956 2754 1206 2864 uiroopdropof
1231 2757 1299 2839 sibi

147 2894 342 2975 arrogare,
355 2868 462 2975 quafi
472 2868 584 2948 Deus
595 2885 663 2947 aut
674 2884 819 2947 naturae
834 2867 900 2949 lex
914 2895 1052 2948 omnes
1063 2887 1104 2948 et
1115 2866 1299 2951 homines

148 2997 189 3059 et
207 2980 313 3087 leges
332 2980 393 3059 illi
411 2978 638 3086 subjecisset.
669 2980 741 3058 Vis
756 2976 872 3059 altilis
887 2980 1006 3089 paulo
1019 2979 1118 3088 juris
1134 2981 1298 3062 Caesarei

147 3092 344 3199 originem
369 3092 629 3200 cognoscere?
660 3091 822 3171 Marcus
842 3092 1054 3186 Antonius,
1077 3091 1183 3199 jussu
1208 3094 1298 3175 Cae·

148 3202 253 3298 saris,
269 3204 340 3311 qui
359 3207 477 3285 armis
497 3206 537 3283 in
557 3204 846 3311 rempublicam
862 3201 1009 3284 nefarie
1028 3202 1194 3314 sumptis
1209 3224 1299 3287 tum

147 3316 368 3425 plurimum
397 3334 563 3425 poterat,
593 3314 742 3395 Consul
772 3313 912 3410 faetus,
945 3312 1041 3396 clrm
1064 3318 1126 3395 Lu
1180 3319 1298 3399 realia

150 3430 290 3508 Romae
321 3428 624 3521 celebrarentur,
655 3454 706 3506 ex
735 3428 968 3537 compofito,
1003 3447 1050 3508 ut
1076 3345 1297 3525 vii'eebatur,

148 3540 328 3622 diadema
346 3542 469 3652 capiti
489 3539 647 3620 Caesaris
669 3567 765 3619 cum
783 3540 938 3647 gemitu
957 3559 998 3620 et
1017 3541 1204 3649 plangore
1224 3570 1299 3652 po-

148 3653 234 3763 puli
252 3653 464 3763 imposuit:
486 3651 624 3734 ascribi
636 3651 944 3758 deindejuffitin
961 3651 1065 3733 fastis
1079 3653 1127 3732 ad
1140 3655 1297 3764 Luper·

148 3766 262 3858 calia,
284 3766 335 3845 C.
358 3764 498 3845 Caesari
517 3765 742 3845 Antonium
762 3763 993 3857 Consulem,
1016 3763 1121 3870 jussu
1142 3765 1295 3875 populi,

148 3903 317 3984 regnum
332 3875 523 3956 detulisse.
583 3875 675 3986 Qa
689 3875 737 3955 de
752 3901 794 3954 re
807 3877 951 3958 Cicero
963 3878 1004 3956 in
1019 3875 1187 3957 secunda
1199 3875 1298 3973 Phi-

147 3988 319 4098 lippica;
342 3987 470 4067 Ideone
482 3990 533 4070 L.
553 3983 957 4098 Tarquiniusexofins,
970 3989 1130 4098 Spurius
1141 3988 1296 4096 Coffios,

150 4101 217 4208 Sp.
232 4099 388 4194 Melius,
403 4102 467 4180 M.
482 4101 657 4181 Monlius
673 4097 811 4193 necoti,
830 4116 875 4180 ut
890 4100 1018 4180 multis
1028 4099 1298 4209 postseculisi

150 4214 208 4293 M
205 4272 213 4289 .
228 4211 405 4305 Antonio,
417 4209 590 4321 quodfos
603 4241 672 4293 non
684 4210 746 4321 est,
759 4239 829 4290 rex
841 4214 969 4292 Romae
982 4211 1298 4321 constitueretur?

149 4326 217 4405 Tu
237 4321 330 4404 verb
353 4324 466 4403 omni
487 4323 595 4402 malo
617 4324 793 4403 cruciatu
820 4343 937 4433 atque
964 4322 1128 4404 infamia
1151 4323 1297 4435 sempi-

149 4437 257 4517 ternl
277 4437 397 4516 etiam
417 4435 500 4546 ipso
519 4437 696 4516 Antonio
724 4434 882 4542 dignior
900 4464 965 4531 es;
995 4462 1225 4544 quanquam
1253 4455 1297 4517 tu

148 4546 243 4629 hinc
262 4549 345 4629 noli
363 4548 575 4657 superbire,
595 4575 675 4627 non
694 4548 803 4627 enim
829 4566 868 4629 te
891 4546 1097 4629 homiuem
1121 4546 1298 4659 despica-

148 4661 354 4756 tiffimum,
386 4660 466 4740 ulla
498 4687 540 4740 re
576 4659 651 4739 alia
677 4656 800 4768 quim
831 4659 971 4741 scelere
999 4688 1096 4741 cum
1117 4662 1298 4742 Antonio

145 4772 430 4857 conserendum
449 4789 603 4880 putem,
628 4773 698 4879 qui
725 4773 765 4854 in
791 4768 897 4852 hisce
916 4774 993 4852 tuis
1011 4772 1297 4882 Lupercalibus
