2888 5204
393 556 783 693 Supplementum
809 558 1082 694 Responsio,
1162 586 1166 595 ·
1228 601 1309 684 423

155 751 280 844 atque
300 738 532 844 nequitiam,
553 767 680 847 neque
700 741 770 820 lux
791 740 871 820 ulla
888 768 1016 848 neque
1035 738 1201 820 tenebrae
1220 739 1310 849 pos-

156 844 264 940 sunt,
284 865 371 928 tum
390 852 483 957 quia
503 847 579 930 hoc
600 852 728 960 ipsum
754 853 944 960 quicquid
972 853 1029 932 est
1055 852 1317 946 munimenti,

156 984 244 1069 quo
273 977 311 1038 te
340 962 650 1070 circumsepsisti,
683 963 814 1072 perse
842 965 929 1044 satis
958 963 1161 1044 infirmum
1193 983 1317 1072 atque

156 1070 353 1153 rimosum
384 1075 453 1155 est.
515 1077 560 1154 ld
588 1077 741 1184 planius
771 1074 900 1156 adhuc
926 1075 1008 1170 fiet,
1037 1078 1064 1156 fi
1091 1076 1317 1155 testimonia

154 1178 244 1263 haec
264 1205 343 1277 tua,
364 1189 702 1293 quemadmodum
721 1216 792 1296 per
815 1188 851 1268 se
876 1189 1024 1296 fingula
1050 1188 1313 1268 confideravi·

157 1320 266 1389 mus,
288 1296 342 1376 ita
364 1326 470 1378 nunc
498 1299 693 1409 postrema
719 1303 872 1408 primis,
893 1303 1021 1409 prima
1049 1301 1189 1380 mediis
1215 1328 1312 1379 con-

154 1402 356 1503 feramus3
388 1428 427 1488 et
447 1411 622 1492 dottores
650 1410 904 1521 proceresque
925 1431 1012 1492 tuos
1033 1412 1134 1492 inter
1154 1411 1190 1490 se
1213 1440 1313 1519 pau-

114 1538 117 1543 ’
154 1516 277 1627 lisper
309 1524 616 1603 committamus.
689 1525 750 1603 Ut
781 1524 951 1630 intelligi
989 1525 1146 1603 tandem
1179 1523 1310 1631 polin,

155 1656 248 1739 quae
265 1632 361 1712 fides
381 1633 485 1714 illius
507 1633 598 1713 fidei
618 1635 797 1744 publicae,
815 1635 974 1714 illorum
991 1635 1146 1715 testium
1164 1636 1223 1727 fit,
1242 1635 1311 1714 ubi

156 1761 228 1823 aut
247 1744 314 1824 alii
334 1745 382 1823 ab
410 1747 495 1826 aliis
525 1771 606 1827 tam
633 1746 751 1854 longe
778 1747 1017 1841 dissentiunt,
1038 1767 1106 1826 aut
1132 1745 1310 1855 plerique

156 1872 243 1935 tam
256 1855 382 1936 multa
394 1860 457 1937 vel
470 1859 710 1940 diffimulant
720 1860 782 1937 vel
798 1859 985 1951 nesciunt,
998 1887 1084 1968 quae
1096 1858 1161 1938 sui
1174 1858 1310 1966 sponte

155 1966 228 2047 alii
246 1966 431 2050 fatentur.
492 1972 597 2051 Illud
622 1973 820 2078 imprimis
846 1973 1031 2080 exemplo
1059 1971 1117 2064 stt,
1138 1968 1244 2078 quod
1268 1970 1310 2048 in

126 2079 207 2181 ¹iis
235 2080 357 2160 literis
382 2085 552 2163 occurrit
578 2112 663 2191 quae
683 2084 917 2164 Genevenfis
946 2083 1020 2162 effe
1043 2083 1223 2162 Ecclesrae
1248 2080 1310 2159 di·

153 2212 317 2273 cuntur.
375 2195 493 2274 Nihil
507 2195 633 2303 utique
651 2196 721 2289 illi,
742 2197 857 2275 idest
876 2196 1011 2288 Moru,
1031 2196 1098 2274 vel
1114 2193 1166 2291 ab,
1188 2192 1309 2298 ἐψη-

138 2303 292 2410 fifflmis
305 2303 459 2411 hostibus
476 2307 604 2386 merite)
623 2306 732 2413 objici
746 2325 870 2416 queat,
884 2306 1161 2416 quodjustaestt
1180 2323 1309 2412 repre-

154 2417 319 2522 herfiom'
332 2415 535 2498 obnoxium.
595 2422 684 2527 Ego
704 2417 838 2499 contri
858 2447 935 2499 non
956 2447 1041 2526 quae
1060 2415 1188 2495 hostes
1208 2415 1308 2520 obji-

156 2528 272 2607 ciunt
292 2530 429 2623 Moro,
450 2531 512 2610 sed
538 2559 624 2639 quae
653 2533 771 2610 amici
800 2532 897 2637 ejus,
917 2558 1004 2638 quae
1031 2529 1143 2609 testes
1169 2526 1250 2634 ejus
1271 2546 1310 2605 et

140 2638 264 2748 justa
281 2642 548 2750 repreherfioni
563 2642 716 2723 obnoxio
744 2642 930 2736 fatentur,
951 2660 992 2720 et
1017 2640 1088 2750 ipsr
1116 2642 1157 2718 in
1181 2666 1228 2717 eo
1249 2667 1308 2717 re·

154 2749 421 2860 prehendunt,
455 2783 505 2833 ex
541 2753 602 2835 his
631 2756 769 2835 iisdem
801 2754 1031 2834 testimoniis
1060 2752 1303 2858 depromam.

205 2864 272 2945 uid
288 2867 395 2945 enim
410 2867 640 2946 Deodatus?
700 2869 787 2946 Non
797 2883 981 2974 prouocat
995 2862 1135 2973 quidem
1148 2863 1306 2954 Morus,

139 2976 193 3081 se
237 2977 424 3057 terribiles
443 3007 581 3084 ungues
599 2978 709 3059 habet
727 2979 857 3086 adsui
871 2977 1040 3057 tutelam.
1099 2977 1212 3081 Qus
1233 3002 1308 3052 un·

153 3090 285 3195 gues?
321 3117 413 3169 nam
443 3090 660 3170 istiusmodi
693 3093 908 3199 quicquam
943 3091 1045 3168 inter
1077 3084 1306 3191 Evangelici

154 3198 326 3280 ministri
345 3230 453 3280 arma
473 3231 551 3281 non
573 3204 746 3311 reperio;
778 3223 818 3280 et
837 3201 1116 3307 Eloquentiam
1139 3198 1264 3276 nolim
1285 3193 1307 3275 ti

154 3313 243 3392 viro
262 3313 378 3393 douo
401 3336 518 3421 atque
544 3311 734 3406 humano,
755 3333 836 3391 tam
857 3313 958 3390 truci
978 3307 1209 3417 metaphori
1229 3308 1305 3412 fig-

154 3423 337 3504 nificari:
370 3426 589 3533 Reliquum
621 3427 691 3518 est,
719 3443 764 3503 ut
793 3449 944 3528 ungues
975 3422 1076 3513 illos,
1108 3416 1304 3498 feritatem

154 3555 275 3643 atque
296 3536 483 3617 ferociam
504 3535 678 3618 hominis
699 3537 1016 3644 interpretemur,
1036 3559 1135 3639 quos
1159 3557 1237 3609 non
1258 3529 1305 3608 ad

154 3649 320 3728 tutelam
348 3647 420 3744 sui,
448 3649 510 3728 sed
539 3650 586 3729 ad
613 3650 796 3755 injuriam
823 3647 1005 3738 aliorum,
1035 3646 1074 3722 in
1103 3669 1172 3721 nos
1199 3640 1304 3720 certe

155 3758 331 3840 nimium
360 3762 564 3870 expeditos
594 3782 710 3870 atque
743 3787 848 3840 acres
878 3757 967 3837 ferae
995 3754 1157 3834 fimilior
1185 3749 1304 3860 quim

155 3871 301 3979 pastori
330 3873 518 3953 exercuit.
581 3873 792 3982 Apertiora
821 3869 925 3948 haud
956 3865 1072 3976 paulo
1103 3865 1190 3944 sunt
1220 3891 1306 3971 quae

157 3983 355 4092 Georgius
370 3987 593 4078 Crantzius,
611 3984 766 4065 Alberti
785 3982 962 4073 emulus,
980 4008 1028 4059 ne
1045 3978 1093 4058 ab
1112 3976 1305 4056 avunculo

154 4091 259 4175 forte
287 4097 355 4176 suo
383 4096 566 4176 historici
593 4096 668 4176 fide
697 4096 911 4204 superetur,
932 4112 971 4170 et
995 4088 1143 4199 quanto
1168 4091 1306 4196 aegrior

158 4205 267 4287 tanto
283 4208 435 4288 fortaffe
448 4211 621 4288 veracior
637 4206 741 4287 ultro
758 4206 868 4287 nobis
888 4205 1065 4310 largitur.
1105 4204 1186 4307 Ego
1200 4202 1310 4281 Mori

156 4320 327 4399 notitiam
345 4319 463 4401 habui
476 4339 513 4400 et
532 4323 692 4400 Genevae
711 4337 747 4399 et
766 4319 805 4397 in
821 4318 972 4422 Belgio;
989 4316 1136 4422 semper
1154 4343 1308 4419 magnos

156 4429 372 4512 inimicitias
386 4432 553 4512 exercuit
572 4462 653 4512 curn
672 4431 826 4523 aemolis,
842 4428 972 4539 quibus
991 4427 1062 4536 ipſs
1080 4427 1196 4505 locum
1203 4425 1307 4531 saepe

149 4544 321 4651 praebuit
335 4544 447 4624 nimia
462 4543 634 4624 libertate
649 4543 826 4654 loquendi.
876 4545 939 4621 En
956 4539 1032 4618 hoc
1049 4535 1158 4628 teste,
1171 4554 1307 4613 contra

156 4652 279 4763 quim
300 4656 348 4735 ab
368 4656 490 4736 altero
509 4656 661 4737 dietum
682 4654 802 4736 modo
822 4653 891 4746 est,
912 4672 952 4731 et
978 4677 1117 4754 urgues
1139 4646 1309 4726 habetet

147 4785 333 4876 prouocat
353 4771 503 4848 Morus.
550 4770 673 4849 Ferox
692 4787 809 4875 atque
817 4764 953 4877 fidens,
973 4760 1194 4842 crabronum
1212 4758 1307 4838 irri-
