<?xml version="1.0" encoding="UTF-8"?>
<!DOCTYPE html PUBLIC "-//W3C//DTD XHTML 1.0 Transitional//EN"
    "http://www.w3.org/TR/xhtml1/DTD/xhtml1-transitional.dtd">
<html xmlns="http://www.w3.org/1999/xhtml" xml:lang="en" lang="en">
 <head>
  <title>
</title>
<meta http-equiv="Content-Type" content="text/html;charset=utf-8" />
  <meta name='ocr-system' content='tesseract 3.04.00' />
  <meta name='ocr-capabilities' content='ocr_page ocr_carea ocr_par ocr_line ocrx_word'/>
</head>
<body>
  <div class='ocr_page' id='page_1' title='image "./worksjohnmilton07miltgoog_0105.png"; bbox 0 0 2888 5204; ppageno 0'>
   <div class='ocr_carea' id='block_1_1' title="bbox 142 131 1004 269">
    <p class='ocr_par' dir='ltr' id='par_1_1' title="bbox 142 131 1004 269">
     <span class='ocr_line' id='line_1_1' title="bbox 142 131 1004 269; baseline -0.003 -38"><span class='ocrx_word' id='word_1_1' title='bbox 142 152 191 232; x_wconf 88' lang='lat'>88</span> <span class='ocrx_word' id='word_1_2' title='bbox 408 141 498 231; x_wconf 92' lang='lat' dir='ltr'>Pro</span> <span class='ocrx_word' id='word_1_3' title='bbox 525 134 711 269; x_wconf 91' lang='lat' dir='ltr'>Populo</span> <span class='ocrx_word' id='word_1_4' title='bbox 737 131 1004 265; x_wconf 84' lang='lat' dir='ltr'>Anglicano</span> 
     </span>
    </p>
   </div>
   <div class='ocr_carea' id='block_1_2' title="bbox 135 314 1328 4453">
    <p class='ocr_par' dir='ltr' id='par_1_2' title="bbox 139 314 1316 539">
     <span class='ocr_line' id='line_1_2' title="bbox 139 314 1262 428; baseline -0.003 -31"><span class='ocrx_word' id='word_1_5' title='bbox 139 321 228 427; x_wconf 87' lang='lat' dir='ltr'>jura</span> <span class='ocrx_word' id='word_1_6' title='bbox 255 317 539 398; x_wconf 87' lang='lat' dir='ltr'>constituerunt</span> <span class='ocrx_word' id='word_1_7' title='bbox 568 321 725 426; x_wconf 87' lang='lat' dir='ltr'>regibus</span> <span class='ocrx_word' id='word_1_8' title='bbox 752 346 902 428; x_wconf 88' lang='lat' dir='ltr'>parem,</span> <span class='ocrx_word' id='word_1_9' title='bbox 930 320 1014 396; x_wconf 90' lang='lat' dir='ltr'>imo</span> <span class='ocrx_word' id='word_1_10' title='bbox 1042 314 1262 426; x_wconf 81' lang='lat' dir='ltr'>superiorem</span> 
     </span>
     <span class='ocr_line' id='line_1_3' title="bbox 146 429 1202 539; baseline -0.001 -29"><span class='ocrx_word' id='word_1_11' title='bbox 146 431 379 510; x_wconf 89' lang='lat' dir='ltr'>Constantio</span> <span class='ocrx_word' id='word_1_12' title='bbox 399 433 627 539; x_wconf 91' lang='lat' dir='ltr'>imperatori</span> <span class='ocrx_word' id='word_1_13' title='bbox 647 431 815 509; x_wconf 90' lang='lat' dir='ltr'>Arriano</span> <span class='ocrx_word' id='word_1_14' title='bbox 835 429 1061 537; x_wconf 86' lang='lat' dir='ltr'>Byzantini,</span> <span class='ocrx_word' id='word_1_15' title='bbox 1076 429 1202 536; x_wconf 79' lang='lat' dir='ltr'>quoad</span> 
     </span>
    </p>

    <p class='ocr_par' dir='ltr' id='par_1_3' title="bbox 146 540 1271 636">
     <span class='ocr_line' id='line_1_4' title="bbox 146 540 1271 636; baseline -0.002 -13"><span class='ocrx_word' id='word_1_16' title='bbox 146 561 287 634; x_wconf 89' lang='lat' dir='ltr'>terant,</span> <span class='ocrx_word' id='word_1_17' title='bbox 300 543 419 622; x_wconf 88' lang='lat' dir='ltr'>armis</span> <span class='ocrx_word' id='word_1_18' title='bbox 433 542 679 636; x_wconf 88' lang='lat' dir='ltr'>restiterunt;</span> <span class='ocrx_word' id='word_1_19' title='bbox 703 541 862 621; x_wconf 81' lang='lat' dir='ltr'>missum</span> <span class='ocrx_word' id='word_1_20' title='bbox 875 570 971 621; x_wconf 90' lang='lat' dir='ltr'>cum</span> <span class='ocrx_word' id='word_1_21' title='bbox 982 540 1178 621; x_wconf 81' lang='lat' dir='ltr'>militibus</span> <span class='ocrx_word' id='word_1_22' title='bbox 1202 582 1271 612; x_wconf 52' lang='grc' dir='ltr'>ι»</span> 
     </span>
    </p>

    <p class='ocr_par' dir='ltr' id='par_1_4' title="bbox 148 650 1270 764">
     <span class='ocr_line' id='line_1_5' title="bbox 148 650 1270 764; baseline -0.001 -30"><span class='ocrx_word' id='word_1_23' title='bbox 148 653 432 761; x_wconf 87' lang='lat' dir='ltr'>mogenem,ad</span> <span class='ocrx_word' id='word_1_24' title='bbox 445 654 675 764; x_wconf 89' lang='lat' dir='ltr'>pellendum</span> <span class='ocrx_word' id='word_1_25' title='bbox 686 653 1019 734; x_wconf 76' lang='lat' dir='ltr'>ecclefiaiPaulum</span> <span class='ocrx_word' id='word_1_26' title='bbox 1030 650 1141 733; x_wconf 90' lang='lat' dir='ltr'>orth</span> <span class='ocrx_word' id='word_1_27' title='bbox 1157 692 1164 721; x_wconf 88' lang='lat'><strong>·</strong></span> <span class='ocrx_word' id='word_1_28' title='bbox 1183 693 1190 721; x_wconf 87' lang='lat'><strong>·</strong></span> <span class='ocrx_word' id='word_1_29' title='bbox 1267 732 1270 744; x_wconf 53' lang='lat'>,</span> 
     </span>
    </p>

    <p class='ocr_par' dir='ltr' id='par_1_5' title="bbox 149 762 1275 875">
     <span class='ocr_line' id='line_1_6' title="bbox 149 763 1275 875; baseline 0.002 -31"><span class='ocrx_word' id='word_1_30' title='bbox 149 765 395 875; x_wconf 89' lang='lat' dir='ltr'>episcopum,</span> <span class='ocrx_word' id='word_1_31' title='bbox 416 763 518 846; x_wconf 75' lang='lat' dir='ltr'>facto</span> <span class='ocrx_word' id='word_1_32' title='bbox 535 768 688 875; x_wconf 89' lang='lat' dir='ltr'>impetu</span> <span class='ocrx_word' id='word_1_33' title='bbox 708 764 950 875; x_wconf 90' lang='lat' dir='ltr'>repulerunt,</span> <span class='ocrx_word' id='word_1_34' title='bbox 969 785 1010 844; x_wconf 90' lang='lat' dir='ltr'>et</span> <span class='ocrx_word' id='word_1_35' title='bbox 1028 765 1193 846; x_wconf 83' lang='lat' dir='ltr'>incensis</span> <span class='ocrx_word' id='word_1_36' title='bbox 1221 804 1249 830; x_wconf 78' lang='lat'>-‹</span> <span class='ocrx_word' id='word_1_37' title='bbox 1273 767 1275 770; x_wconf 70' lang='grc'><strong>’</strong></span> 
     </span>
    </p>

    <p class='ocr_par' dir='ltr' id='par_1_6' title="bbox 150 872 1328 1211">
     <span class='ocr_line' id='line_1_7' title="bbox 150 872 1328 986; baseline 0 -29"><span class='ocrx_word' id='word_1_38' title='bbox 150 878 238 971; x_wconf 91' lang='lat' dir='ltr'>bus,</span> <span class='ocrx_word' id='word_1_39' title='bbox 255 905 335 986; x_wconf 94' lang='lat' dir='ltr'>quo</span> <span class='ocrx_word' id='word_1_40' title='bbox 351 876 387 956; x_wconf 96' lang='lat' dir='ltr'>se</span> <span class='ocrx_word' id='word_1_41' title='bbox 404 897 617 986; x_wconf 85' lang='lat' dir='ltr'>receperat,</span> <span class='ocrx_word' id='word_1_42' title='bbox 634 876 863 957; x_wconf 89' lang='lat' dir='ltr'>semiustum</span> <span class='ocrx_word' id='word_1_43' title='bbox 877 896 917 957; x_wconf 89' lang='lat' dir='ltr'>et</span> <span class='ocrx_word' id='word_1_44' title='bbox 929 877 1124 957; x_wconf 85' lang='lat' dir='ltr'>laniatum</span> <span class='ocrx_word' id='word_1_45' title='bbox 1138 905 1217 957; x_wconf 53' lang='lat' dir='ltr'>mo</span> <span class='ocrx_word' id='word_1_46' title='bbox 1325 872 1328 877; x_wconf 66' lang='grc'><strong>’</strong></span> 
     </span>
     <span class='ocr_line' id='line_1_8' title="bbox 150 987 1232 1070; baseline 0 -1"><span class='ocrx_word' id='word_1_47' title='bbox 150 1009 302 1070; x_wconf 88' lang='lat' dir='ltr'>cerunt.</span> <span class='ocrx_word' id='word_1_48' title='bbox 363 990 554 1070; x_wconf 88' lang='lat' dir='ltr'>Constans</span> <span class='ocrx_word' id='word_1_49' title='bbox 575 987 685 1069; x_wconf 89' lang='lat' dir='ltr'>fratri</span> <span class='ocrx_word' id='word_1_50' title='bbox 700 989 929 1069; x_wconf 90' lang='lat' dir='ltr'>Constantio</span> <span class='ocrx_word' id='word_1_51' title='bbox 945 987 1100 1069; x_wconf 88' lang='lat' dir='ltr'>bellum</span> <span class='ocrx_word' id='word_1_52' title='bbox 1123 1028 1146 1059; x_wconf 76' lang='lat' dir='ltr'>u</span> <span class='ocrx_word' id='word_1_53' title='bbox 1182 1028 1188 1059; x_wconf 85' lang='lat'><strong>·</strong></span> <span class='ocrx_word' id='word_1_54' title='bbox 1227 1028 1275 1053; x_wconf 65' lang='grc' dir='ltr'>ι</span> 
     </span>
     <span class='ocr_line' id='line_1_9' title="bbox 151 1098 1279 1211; baseline 0 -30"><span class='ocrx_word' id='word_1_55' title='bbox 151 1098 1013 1211; x_wconf 84' lang='lat' dir='ltr'>niPauloetAthanafioepiscopissedessuas</span> <span class='ocrx_word' id='word_1_56' title='bbox 1024 1101 1217 1197; x_wconf 73' lang='lat' dir='ltr'>restituat,</span> <span class='ocrx_word' id='word_1_57' title='bbox 1242 1135 1279 1168; x_wconf 73' lang='lat' dir='ltr'>v21</span> 
     </span>
    </p>

    <p class='ocr_par' dir='ltr' id='par_1_7' title="bbox 151 1208 1281 1323">
     <span class='ocr_line' id='line_1_10' title="bbox 151 1208 1281 1323; baseline 0 -29"><span class='ocrx_word' id='word_1_58' title='bbox 151 1213 266 1294; x_wconf 87' lang='lat' dir='ltr'>desne</span> <span class='ocrx_word' id='word_1_59' title='bbox 287 1231 332 1294; x_wconf 92' lang='lat' dir='ltr'>ut</span> <span class='ocrx_word' id='word_1_60' title='bbox 349 1213 441 1294; x_wconf 88' lang='lat' dir='ltr'>istos</span> <span class='ocrx_word' id='word_1_61' title='bbox 460 1212 709 1295; x_wconf 75' lang='lat' dir='ltr'>sanctissimos</span> <span class='ocrx_word' id='word_1_62' title='bbox 728 1233 870 1323; x_wconf 89' lang='lat' dir='ltr'>patres,</span> <span class='ocrx_word' id='word_1_63' title='bbox 889 1212 939 1293; x_wconf 90' lang='lat' dir='ltr'>de</span> <span class='ocrx_word' id='word_1_64' title='bbox 961 1210 1190 1323; x_wconf 84' lang='lat' dir='ltr'>episoopatu</span> <span class='ocrx_word' id='word_1_65' title='bbox 1246 1239 1281 1276; x_wconf 61' lang='lat'>¹⁶</span> 
     </span>
    </p>

    <p class='ocr_par' dir='ltr' id='par_1_8' title="bbox 152 1322 1291 1547">
     <span class='ocr_line' id='line_1_11' title="bbox 152 1322 1291 1434; baseline 0.002 -29"><span class='ocrx_word' id='word_1_66' title='bbox 152 1326 297 1434; x_wconf 86' lang='lat' dir='ltr'>agitur,</span> <span class='ocrx_word' id='word_1_67' title='bbox 321 1324 472 1406; x_wconf 91' lang='lat' dir='ltr'>bellum</span> <span class='ocrx_word' id='word_1_68' title='bbox 499 1322 716 1405; x_wconf 85' lang='lat' dir='ltr'>fraternum</span> <span class='ocrx_word' id='word_1_69' title='bbox 742 1327 781 1404; x_wconf 93' lang='lat' dir='ltr'>in</span> <span class='ocrx_word' id='word_1_70' title='bbox 807 1352 942 1432; x_wconf 88' lang='lat' dir='ltr'>regem</span> <span class='ocrx_word' id='word_1_71' title='bbox 967 1325 1083 1405; x_wconf 89' lang='lat' dir='ltr'>suum</span> <span class='ocrx_word' id='word_1_72' title='bbox 1106 1352 1157 1406; x_wconf 92' lang='lat' dir='ltr'>co</span> <span class='ocrx_word' id='word_1_73' title='bbox 1286 1344 1291 1418; x_wconf 83' lang='lat'>·{</span> 
     </span>
     <span class='ocr_line' id='line_1_12' title="bbox 154 1435 1264 1547; baseline 0.001 -30"><span class='ocrx_word' id='word_1_74' title='bbox 154 1466 233 1517; x_wconf 96' lang='lat' dir='ltr'>non</span> <span class='ocrx_word' id='word_1_75' title='bbox 245 1436 415 1545; x_wconf 91' lang='lat' dir='ltr'>puduit?</span> <span class='ocrx_word' id='word_1_76' title='bbox 445 1437 569 1517; x_wconf 86' lang='lat' dir='ltr'>Haud</span> <span class='ocrx_word' id='word_1_77' title='bbox 585 1435 712 1517; x_wconf 78' lang='lat' dir='ltr'>multo</span> <span class='ocrx_word' id='word_1_78' title='bbox 727 1436 815 1547; x_wconf 76' lang='lat' dir='ltr'>post</span> <span class='ocrx_word' id='word_1_79' title='bbox 826 1436 1039 1517; x_wconf 86' lang='lat' dir='ltr'>Christiani</span> <span class='ocrx_word' id='word_1_80' title='bbox 1055 1436 1220 1532; x_wconf 75' lang='lat' dir='ltr'>milites,</span> <span class='ocrx_word' id='word_1_81' title='bbox 1238 1474 1264 1503; x_wconf 66' lang='lat' dir='ltr'>o</span> 
     </span>
    </p>

    <p class='ocr_par' dir='ltr' id='par_1_9' title="bbox 135 1548 1328 4453">
     <span class='ocr_line' id='line_1_13' title="bbox 154 1548 1283 1659; baseline 0.001 -31"><span class='ocrx_word' id='word_1_82' title='bbox 154 1570 248 1629; x_wconf 89' lang='lat' dir='ltr'>tunc</span> <span class='ocrx_word' id='word_1_83' title='bbox 275 1548 464 1658; x_wconf 90' lang='lat' dir='ltr'>temporis</span> <span class='ocrx_word' id='word_1_84' title='bbox 489 1577 588 1656; x_wconf 92' lang='lat' dir='ltr'>quos</span> <span class='ocrx_word' id='word_1_85' title='bbox 611 1548 794 1628; x_wconf 91' lang='lat' dir='ltr'>volebant</span> <span class='ocrx_word' id='word_1_86' title='bbox 823 1550 1077 1659; x_wconf 85' lang='lat' dir='ltr'>imperatores</span> <span class='ocrx_word' id='word_1_87' title='bbox 1105 1576 1230 1629; x_wconf 61' lang='lat' dir='ltr'>creav</span> <span class='ocrx_word' id='word_1_88' title='bbox 1249 1576 1283 1614; x_wconf 51' lang='grc' dir='ltr'>ιτ</span> 
     </span>
     <span class='ocr_line' id='line_1_14' title="bbox 155 1656 1301 1771; baseline 0.001 -31"><span class='ocrx_word' id='word_1_89' title='bbox 155 1660 412 1740; x_wconf 88' lang='lat' dir='ltr'>Constantem</span> <span class='ocrx_word' id='word_1_90' title='bbox 433 1660 681 1740; x_wconf 90' lang='lat' dir='ltr'>Constantini</span> <span class='ocrx_word' id='word_1_91' title='bbox 706 1659 836 1740; x_wconf 88' lang='lat' dir='ltr'>filium</span> <span class='ocrx_word' id='word_1_92' title='bbox 865 1658 1044 1741; x_wconf 72' lang='lat' dir='ltr'>dissolute</span> <span class='ocrx_word' id='word_1_93' title='bbox 1073 1679 1116 1741; x_wconf 85' lang='lat' dir='ltr'>et</span> <span class='ocrx_word' id='word_1_94' title='bbox 1138 1656 1301 1771; x_wconf 54' lang='lat' dir='ltr'>superbi-2</span> 
     </span>
     <span class='ocr_line' id='line_1_15' title="bbox 154 1770 1301 1881; baseline 0.002 -30"><span class='ocrx_word' id='word_1_95' title='bbox 154 1790 385 1881; x_wconf 82' lang='lat' dir='ltr'>regnantem</span> <span class='ocrx_word' id='word_1_96' title='bbox 412 1770 707 1866; x_wconf 87' lang='lat' dir='ltr'>interfecerunt,</span> <span class='ocrx_word' id='word_1_97' title='bbox 737 1771 914 1853; x_wconf 86' lang='lat' dir='ltr'>transsato</span> <span class='ocrx_word' id='word_1_98' title='bbox 940 1772 989 1852; x_wconf 90' lang='lat' dir='ltr'>ad</span> <span class='ocrx_word' id='word_1_99' title='bbox 1016 1773 1301 1881; x_wconf 73' lang='lat' dir='ltr'>Magnentiuou</span> 
     </span>
     <span class='ocr_line' id='line_1_16' title="bbox 154 1883 1302 2075; baseline 0.003 -113"><span class='ocrx_word' id='word_1_100' title='bbox 154 1884 337 1994; x_wconf 91' lang='lat' dir='ltr'>imperio.</span> <span class='ocrx_word' id='word_1_101' title='bbox 399 1884 537 2075; x_wconf 64' lang='grc' dir='ltr'>(Ἢίἀὲ</span> <span class='ocrx_word' id='word_1_102' title='bbox 568 1887 638 1994; x_wconf 91' lang='lat' dir='ltr'>qui</span> <span class='ocrx_word' id='word_1_103' title='bbox 654 1883 859 1989; x_wconf 91' lang='lat' dir='ltr'>Julianum</span> <span class='ocrx_word' id='word_1_104' title='bbox 879 1886 1055 1965; x_wconf 93' lang='lat' dir='ltr'>nondum</span> <span class='ocrx_word' id='word_1_105' title='bbox 1071 1885 1302 1994; x_wconf 60' lang='lat' dir='ltr'>apostatanti·</span> 
     </span>
     <span class='ocr_line' id='line_1_17' title="bbox 153 1994 1306 2106; baseline 0.002 -33"><span class='ocrx_word' id='word_1_106' title='bbox 153 1994 218 2077; x_wconf 96' lang='lat' dir='ltr'>sed</span> <span class='ocrx_word' id='word_1_107' title='bbox 241 1997 355 2106; x_wconf 90' lang='lat' dir='ltr'>pium</span> <span class='ocrx_word' id='word_1_108' title='bbox 378 2016 419 2076; x_wconf 91' lang='lat' dir='ltr'>et</span> <span class='ocrx_word' id='word_1_109' title='bbox 478 2025 644 2076; x_wconf 90' lang='lat' dir='ltr'>renuum</span> <span class='ocrx_word' id='word_1_110' title='bbox 668 1996 791 2076; x_wconf 93' lang='lat' dir='ltr'>invito</span> <span class='ocrx_word' id='word_1_111' title='bbox 810 1997 1040 2077; x_wconf 86' lang='lat' dir='ltr'>Constantio</span> <span class='ocrx_word' id='word_1_112' title='bbox 1064 1997 1306 2106; x_wconf 81' lang='lat' dir='ltr'>imperatore.</span> 
     </span>
     <span class='ocr_line' id='line_1_18' title="bbox 154 2106 1290 2218; baseline 0.002 -32"><span class='ocrx_word' id='word_1_113' title='bbox 154 2107 221 2188; x_wconf 93' lang='lat' dir='ltr'>suo</span> <span class='ocrx_word' id='word_1_114' title='bbox 235 2109 514 2218; x_wconf 87' lang='lat' dir='ltr'>imperatorem</span> <span class='ocrx_word' id='word_1_115' title='bbox 529 2107 756 2202; x_wconf 86' lang='lat' dir='ltr'>salutarunt,</span> <span class='ocrx_word' id='word_1_116' title='bbox 769 2136 898 2188; x_wconf 89' lang='lat' dir='ltr'>annon</span> <span class='ocrx_word' id='word_1_117' title='bbox 912 2136 963 2188; x_wconf 86' lang='lat' dir='ltr'>ex</span> <span class='ocrx_word' id='word_1_118' title='bbox 977 2109 1055 2188; x_wconf 92' lang='lat' dir='ltr'>illis</span> <span class='ocrx_word' id='word_1_119' title='bbox 1068 2106 1290 2189; x_wconf 74' lang='lat' dir='ltr'>Christianis</span> 
     </span>
     <span class='ocr_line' id='line_1_19' title="bbox 150 2217 1290 2333; baseline 0.004 -36"><span class='ocrx_word' id='word_1_120' title='bbox 150 2217 327 2313; x_wconf 84' lang='lat' dir='ltr'>suerunt,</span> <span class='ocrx_word' id='word_1_121' title='bbox 343 2247 441 2327; x_wconf 91' lang='lat' dir='ltr'>quos</span> <span class='ocrx_word' id='word_1_122' title='bbox 460 2238 501 2298; x_wconf 93' lang='lat' dir='ltr'>tu</span> <span class='ocrx_word' id='word_1_123' title='bbox 514 2220 700 2329; x_wconf 85' lang='lat' dir='ltr'>exemplo</span> <span class='ocrx_word' id='word_1_124' title='bbox 716 2218 828 2299; x_wconf 91' lang='lat' dir='ltr'>nobis</span> <span class='ocrx_word' id='word_1_125' title='bbox 839 2222 1052 2330; x_wconf 88' lang='lat' dir='ltr'>proponis?</span> <span class='ocrx_word' id='word_1_126' title='bbox 1084 2218 1290 2333; x_wconf 81' lang='lat' dir='ltr'>Qodfao·</span> 
     </span>
     <span class='ocr_line' id='line_1_20' title="bbox 154 2330 1314 2441; baseline 0.004 -30"><span class='ocrx_word' id='word_1_127' title='bbox 154 2349 240 2411; x_wconf 93' lang='lat' dir='ltr'>tum</span> <span class='ocrx_word' id='word_1_128' title='bbox 259 2330 509 2410; x_wconf 89' lang='lat' dir='ltr'>Constantius</span> <span class='ocrx_word' id='word_1_129' title='bbox 521 2358 615 2410; x_wconf 91' lang='lat' dir='ltr'>cum</span> <span class='ocrx_word' id='word_1_130' title='bbox 630 2332 706 2412; x_wconf 90' lang='lat' dir='ltr'>suis</span> <span class='ocrx_word' id='word_1_131' title='bbox 722 2333 842 2412; x_wconf 94' lang='lat' dir='ltr'>literis</span> <span class='ocrx_word' id='word_1_132' title='bbox 858 2333 905 2413; x_wconf 92' lang='lat' dir='ltr'>ad</span> <span class='ocrx_word' id='word_1_133' title='bbox 921 2332 1117 2441; x_wconf 91' lang='lat' dir='ltr'>populum</span> <span class='ocrx_word' id='word_1_134' title='bbox 1133 2330 1314 2417; x_wconf 52' lang='lat' dir='ltr'>recitatio</span> 
     </span>
     <span class='ocr_line' id='line_1_21' title="bbox 153 2441 1293 2551; baseline 0.004 -31"><span class='ocrx_word' id='word_1_135' title='bbox 153 2442 293 2520; x_wconf 90' lang='lat' dir='ltr'>acriter</span> <span class='ocrx_word' id='word_1_136' title='bbox 306 2441 547 2551; x_wconf 94' lang='lat' dir='ltr'>prohiberet,</span> <span class='ocrx_word' id='word_1_137' title='bbox 560 2444 779 2525; x_wconf 85' lang='lat' dir='ltr'>clamarunt</span> <span class='ocrx_word' id='word_1_138' title='bbox 791 2471 943 2538; x_wconf 91' lang='lat' dir='ltr'>omnes,</span> <span class='ocrx_word' id='word_1_139' title='bbox 957 2442 1086 2525; x_wconf 82' lang='lat' dir='ltr'>feciffe</span> <span class='ocrx_word' id='word_1_140' title='bbox 1098 2443 1138 2525; x_wconf 89' lang='lat' dir='ltr'>se</span> <span class='ocrx_word' id='word_1_141' title='bbox 1151 2459 1196 2526; x_wconf 84' lang='lat' dir='ltr'>&#39;ut</span> <span class='ocrx_word' id='word_1_142' title='bbox 1208 2444 1293 2525; x_wconf 83' lang='lat' dir='ltr'>Pto·</span> 
     </span>
     <span class='ocr_line' id='line_1_22' title="bbox 153 2552 1328 2664; baseline 0.007 -35"><span class='ocrx_word' id='word_1_143' title='bbox 153 2553 345 2646; x_wconf 89' lang='lat' dir='ltr'>vincialis,</span> <span class='ocrx_word' id='word_1_144' title='bbox 358 2572 398 2633; x_wconf 90' lang='lat' dir='ltr'>et</span> <span class='ocrx_word' id='word_1_145' title='bbox 411 2552 539 2647; x_wconf 91' lang='lat' dir='ltr'>miles,</span> <span class='ocrx_word' id='word_1_146' title='bbox 552 2572 592 2632; x_wconf 94' lang='lat' dir='ltr'>et</span> <span class='ocrx_word' id='word_1_147' title='bbox 604 2554 827 2664; x_wconf 76' lang='lat' dir='ltr'>reipublicae</span> <span class='ocrx_word' id='word_1_148' title='bbox 838 2555 1050 2637; x_wconf 84' lang='lat' dir='ltr'>authoritas</span> <span class='ocrx_word' id='word_1_149' title='bbox 1062 2556 1291 2637; x_wconf 57' lang='lat' dir='ltr'>decrevente</span> <span class='ocrx_word' id='word_1_150' title='bbox 1311 2578 1328 2601; x_wconf 58' lang='lat'>&#39;¹</span> 
     </span>
     <span class='ocr_line' id='line_1_23' title="bbox 152 2663 1292 2777; baseline 0.003 -34"><span class='ocrx_word' id='word_1_151' title='bbox 152 2665 282 2744; x_wconf 87' lang='lat' dir='ltr'>lidem</span> <span class='ocrx_word' id='word_1_152' title='bbox 294 2663 446 2744; x_wconf 93' lang='lat' dir='ltr'>bellum</span> <span class='ocrx_word' id='word_1_153' title='bbox 461 2666 688 2746; x_wconf 88' lang='lat' dir='ltr'>Constantio</span> <span class='ocrx_word' id='word_1_154' title='bbox 701 2667 942 2762; x_wconf 83' lang='lat' dir='ltr'>indixerunt,</span> <span class='ocrx_word' id='word_1_155' title='bbox 954 2687 994 2747; x_wconf 87' lang='lat' dir='ltr'>et</span> <span class='ocrx_word' id='word_1_156' title='bbox 1005 2688 1201 2777; x_wconf 89' lang='lat' dir='ltr'>quantum</span> <span class='ocrx_word' id='word_1_157' title='bbox 1211 2664 1292 2747; x_wconf 87' lang='lat' dir='ltr'>inse</span> 
     </span>
     <span class='ocr_line' id='line_1_24' title="bbox 152 2776 1293 2893; baseline 0.004 -38"><span class='ocrx_word' id='word_1_158' title='bbox 152 2795 250 2870; x_wconf 87' lang='lat' dir='ltr'>erat,</span> <span class='ocrx_word' id='word_1_159' title='bbox 271 2776 439 2886; x_wconf 91' lang='lat' dir='ltr'>imperio</span> <span class='ocrx_word' id='word_1_160' title='bbox 461 2805 504 2856; x_wconf 92' lang='lat' dir='ltr'>ac</span> <span class='ocrx_word' id='word_1_161' title='bbox 527 2779 607 2857; x_wconf 89' lang='lat' dir='ltr'>vita</span> <span class='ocrx_word' id='word_1_162' title='bbox 626 2778 851 2888; x_wconf 91' lang='lat' dir='ltr'>spoliarunt.</span> <span class='ocrx_word' id='word_1_163' title='bbox 913 2780 1024 2893; x_wconf 83' lang='lat' dir='ltr'>Qid</span> <span class='ocrx_word' id='word_1_164' title='bbox 1042 2778 1293 2873; x_wconf 74' lang='lat' dir='ltr'>Antiochum,</span> 
     </span>
     <span class='ocr_line' id='line_1_25' title="bbox 153 2886 1293 3003; baseline 0.004 -36"><span class='ocrx_word' id='word_1_165' title='bbox 153 2886 334 2967; x_wconf 87' lang='lat' dir='ltr'>homines</span> <span class='ocrx_word' id='word_1_166' title='bbox 356 2887 535 2997; x_wconf 72' lang='lat' dir='ltr'>apprime</span> <span class='ocrx_word' id='word_1_167' title='bbox 552 2887 794 2970; x_wconf 87' lang='lat' dir='ltr'>Christiani?</span> <span class='ocrx_word' id='word_1_168' title='bbox 823 2913 983 2973; x_wconf 90' lang='lat' dir='ltr'>orarunt</span> <span class='ocrx_word' id='word_1_169' title='bbox 1000 2892 1118 2973; x_wconf 91' lang='lat' dir='ltr'>credo</span> <span class='ocrx_word' id='word_1_170' title='bbox 1137 2892 1293 3003; x_wconf 78' lang='lat' dir='ltr'>proJu·</span> 
     </span>
     <span class='ocr_line' id='line_1_26' title="bbox 152 2999 1295 3110; baseline 0.005 -31"><span class='ocrx_word' id='word_1_171' title='bbox 152 3000 257 3079; x_wconf 88' lang='lat' dir='ltr'>liano</span> <span class='ocrx_word' id='word_1_172' title='bbox 277 2999 363 3105; x_wconf 88' lang='lat' dir='ltr'>jam</span> <span class='ocrx_word' id='word_1_173' title='bbox 388 3001 590 3109; x_wconf 86' lang='lat' dir='ltr'>Apostata,</span> <span class='ocrx_word' id='word_1_174' title='bbox 610 3031 731 3110; x_wconf 92' lang='lat' dir='ltr'>quem</span> <span class='ocrx_word' id='word_1_175' title='bbox 750 3001 881 3110; x_wconf 59' lang='lat' dir='ltr'>pal‘am</span> <span class='ocrx_word' id='word_1_176' title='bbox 905 3005 1026 3096; x_wconf 90' lang='lat' dir='ltr'>adire,</span> <span class='ocrx_word' id='word_1_177' title='bbox 1052 3022 1093 3084; x_wconf 93' lang='lat' dir='ltr'>et</span> <span class='ocrx_word' id='word_1_178' title='bbox 1118 3002 1295 3085; x_wconf 79' lang='lat' dir='ltr'>convitiis</span> 
     </span>
     <span class='ocr_line' id='line_1_27' title="bbox 151 3110 1296 3227; baseline 0.005 -36"><span class='ocrx_word' id='word_1_179' title='bbox 151 3112 396 3221; x_wconf 88' lang='lat' dir='ltr'>proscindere</span> <span class='ocrx_word' id='word_1_180' title='bbox 413 3110 599 3206; x_wconf 84' lang='lat' dir='ltr'>solebant,¹</span> <span class='ocrx_word' id='word_1_181' title='bbox 615 3112 724 3218; x_wconf 89' lang='lat' dir='ltr'>cujus</span> <span class='ocrx_word' id='word_1_182' title='bbox 740 3114 901 3195; x_wconf 92' lang='lat' dir='ltr'>barbam</span> <span class='ocrx_word' id='word_1_183' title='bbox 913 3116 1122 3197; x_wconf 85' lang='lat' dir='ltr'>illudentes</span> <span class='ocrx_word' id='word_1_184' title='bbox 1136 3113 1296 3227; x_wconf 85' lang='lat' dir='ltr'>promis·</span> 
     </span>
     <span class='ocr_line' id='line_1_28' title="bbox 152 3222 1295 3335; baseline 0.004 -33"><span class='ocrx_word' id='word_1_185' title='bbox 152 3224 248 3318; x_wconf 85' lang='lat' dir='ltr'>sam,</span> <span class='ocrx_word' id='word_1_186' title='bbox 271 3222 382 3304; x_wconf 88' lang='lat' dir='ltr'>funes</span> <span class='ocrx_word' id='word_1_187' title='bbox 406 3253 457 3304; x_wconf 83' lang='lat' dir='ltr'>ex</span> <span class='ocrx_word' id='word_1_188' title='bbox 483 3253 527 3303; x_wconf 91' lang='lat' dir='ltr'>ea</span> <span class='ocrx_word' id='word_1_189' title='bbox 554 3225 744 3305; x_wconf 90' lang='lat' dir='ltr'>conficere</span> <span class='ocrx_word' id='word_1_190' title='bbox 765 3225 969 3331; x_wconf 85' lang='lat' dir='ltr'>jubebant.</span> <span class='ocrx_word' id='word_1_191' title='bbox 1029 3228 1154 3335; x_wconf 89' lang='lat' dir='ltr'>Cujus</span> <span class='ocrx_word' id='word_1_192' title='bbox 1175 3245 1295 3309; x_wconf 80' lang='lat' dir='ltr'>morte</span> 
     </span>
     <span class='ocr_line' id='line_1_29' title="bbox 152 3336 1296 3448; baseline 0.003 -32"><span class='ocrx_word' id='word_1_193' title='bbox 152 3337 283 3417; x_wconf 66' lang='lat' dir='ltr'>auditi</span> <span class='ocrx_word' id='word_1_194' title='bbox 305 3336 620 3445; x_wconf 90' lang='lat' dir='ltr'>supplicationes,</span> <span class='ocrx_word' id='word_1_195' title='bbox 636 3337 785 3446; x_wconf 92' lang='lat' dir='ltr'>epulas,</span> <span class='ocrx_word' id='word_1_196' title='bbox 806 3358 846 3417; x_wconf 90' lang='lat' dir='ltr'>et</span> <span class='ocrx_word' id='word_1_197' title='bbox 866 3339 1040 3420; x_wconf 87' lang='lat' dir='ltr'>laetitiam</span> <span class='ocrx_word' id='word_1_198' title='bbox 1060 3338 1221 3448; x_wconf 72' lang='lat' dir='ltr'>publice</span> <span class='ocrx_word' id='word_1_199' title='bbox 1239 3341 1296 3419; x_wconf 93' lang='lat' dir='ltr'>in·</span> 
     </span>
     <span class='ocr_line' id='line_1_30' title="bbox 151 3448 1296 3559; baseline 0.002 -33"><span class='ocrx_word' id='word_1_200' title='bbox 151 3450 352 3540; x_wconf 89' lang='lat' dir='ltr'>dixerunt,</span> <span class='ocrx_word' id='word_1_201' title='bbox 373 3448 454 3554; x_wconf 88' lang='lat' dir='ltr'>ejus</span> <span class='ocrx_word' id='word_1_202' title='bbox 476 3475 545 3555; x_wconf 90' lang='lat' dir='ltr'>pro</span> <span class='ocrx_word' id='word_1_203' title='bbox 561 3450 639 3527; x_wconf 91' lang='lat' dir='ltr'>vita</span> <span class='ocrx_word' id='word_1_204' title='bbox 660 3468 699 3528; x_wconf 91' lang='lat' dir='ltr'>et</span> <span class='ocrx_word' id='word_1_205' title='bbox 718 3449 988 3531; x_wconf 87' lang='lat' dir='ltr'>incolumitate</span> <span class='ocrx_word' id='word_1_206' title='bbox 1008 3479 1142 3559; x_wconf 89' lang='lat' dir='ltr'>preces</span> <span class='ocrx_word' id='word_1_207' title='bbox 1162 3449 1296 3533; x_wconf 78' lang='lat' dir='ltr'>fudisse</span> 
     </span>
     <span class='ocr_line' id='line_1_31' title="bbox 151 3557 1298 3670; baseline 0.006 -32"><span class='ocrx_word' id='word_1_208' title='bbox 151 3558 307 3638; x_wconf 87' lang='lat' dir='ltr'>censes?</span> <span class='ocrx_word' id='word_1_209' title='bbox 368 3557 507 3670; x_wconf 84' lang='lat' dir='ltr'>Qrid?</span> <span class='ocrx_word' id='word_1_210' title='bbox 540 3559 650 3666; x_wconf 74' lang='lat' dir='ltr'>quod</span> <span class='ocrx_word' id='word_1_211' title='bbox 679 3561 848 3641; x_wconf 92' lang='lat' dir='ltr'>eundem</span> <span class='ocrx_word' id='word_1_212' title='bbox 877 3565 997 3643; x_wconf 90' lang='lat' dir='ltr'>etiam</span> <span class='ocrx_word' id='word_1_213' title='bbox 1025 3559 1046 3642; x_wconf 75' lang='grc' dir='ltr'>ὲ</span> <span class='ocrx_word' id='word_1_214' title='bbox 1077 3561 1298 3645; x_wconf 85' lang='lat' dir='ltr'>Christiano</span> 
     </span>
     <span class='ocr_line' id='line_1_32' title="bbox 151 3667 1299 3756; baseline 0.004 -7"><span class='ocrx_word' id='word_1_215' title='bbox 151 3669 424 3749; x_wconf 91' lang='lat' dir='ltr'>commilitone</span> <span class='ocrx_word' id='word_1_216' title='bbox 457 3667 710 3751; x_wconf 75' lang='lat' dir='ltr'>interfectum</span> <span class='ocrx_word' id='word_1_217' title='bbox 739 3672 814 3751; x_wconf 76' lang='lat' dir='ltr'>esse</span> <span class='ocrx_word' id='word_1_218' title='bbox 847 3671 991 3756; x_wconf 89' lang='lat' dir='ltr'>ferunt.</span> <span class='ocrx_word' id='word_1_219' title='bbox 1057 3676 1299 3756; x_wconf 88' lang='lat' dir='ltr'>Sozomenus</span> 
     </span>
     <span class='ocr_line' id='line_1_33' title="bbox 150 3780 1299 3896; baseline 0.006 -35"><span class='ocrx_word' id='word_1_220' title='bbox 150 3780 255 3861; x_wconf 72' lang='lat' dir='ltr'>certe</span> <span class='ocrx_word' id='word_1_221' title='bbox 273 3780 436 3888; x_wconf 87' lang='lat' dir='ltr'>scriptor</span> <span class='ocrx_word' id='word_1_222' title='bbox 451 3781 724 3862; x_wconf 87' lang='lat' dir='ltr'>ecclefiasticus</span> <span class='ocrx_word' id='word_1_223' title='bbox 739 3811 817 3863; x_wconf 95' lang='lat' dir='ltr'>non</span> <span class='ocrx_word' id='word_1_224' title='bbox 833 3806 973 3894; x_wconf 87' lang='lat' dir='ltr'>negat;</span> <span class='ocrx_word' id='word_1_225' title='bbox 1004 3785 1102 3880; x_wconf 75' lang='lat' dir='ltr'>imo,</span> <span class='ocrx_word' id='word_1_226' title='bbox 1114 3787 1235 3896; x_wconf 88' lang='lat' dir='ltr'>fiquis</span> <span class='ocrx_word' id='word_1_227' title='bbox 1248 3789 1299 3868; x_wconf 82' lang='lat' dir='ltr'>ita</span> 
     </span>
     <span class='ocr_line' id='line_1_34' title="bbox 151 3890 1299 4009; baseline 0.007 -36"><span class='ocrx_word' id='word_1_228' title='bbox 151 3891 312 3986; x_wconf 78' lang='lat' dir='ltr'>fecisset,</span> <span class='ocrx_word' id='word_1_229' title='bbox 327 3893 473 3984; x_wconf 86' lang='lat' dir='ltr'>laudat,</span> <span class='ocrx_word' id='word_1_230' title='bbox 490 3891 525 3972; x_wconf 87' lang='lat' dir='ltr'>oti</span> <span class='ocrx_word' id='word_1_231' title='bbox 537 3890 605 4000; x_wconf 68' lang='lat' dir='ltr'>peip</span> <span class='ocrx_word' id='word_1_232' title='bbox 621 3891 764 3986; x_wconf 74' lang='grc' dir='ltr'>οἷπεικός</span> <span class='ocrx_word' id='word_1_233' title='bbox 778 3933 855 3978; x_wconf 72' lang='grc' dir='ltr'>τινα</span> <span class='ocrx_word' id='word_1_234' title='bbox 868 3900 934 3981; x_wconf 70' lang='lat' dir='ltr'>raia</span> <span class='ocrx_word' id='word_1_235' title='bbox 947 3893 1027 3980; x_wconf 76' lang='lat' dir='ltr'>rire</span> <span class='ocrx_word' id='word_1_236' title='bbox 1041 3895 1299 4009; x_wconf 66' lang='grc' dir='ltr'>ςρατευομὲνων,</span> 
     </span>
     <span class='ocr_line' id='line_1_35' title="bbox 150 4003 1301 4119; baseline 0.005 -33"><span class='ocrx_word' id='word_1_237' title='bbox 150 4009 226 4087; x_wconf 85' lang='lat' dir='ltr'>&amp;c.</span> <span class='ocrx_word' id='word_1_238' title='bbox 286 4007 374 4084; x_wconf 83' lang='lat' dir='ltr'>Non</span> <span class='ocrx_word' id='word_1_239' title='bbox 393 4003 442 4113; x_wconf 85' lang='lat' dir='ltr'>est</span> <span class='ocrx_word' id='word_1_240' title='bbox 460 4004 608 4096; x_wconf 88' lang='lat' dir='ltr'>mirum,</span> <span class='ocrx_word' id='word_1_241' title='bbox 634 4007 776 4114; x_wconf 91' lang='lat' dir='ltr'>inquit,</span> <span class='ocrx_word' id='word_1_242' title='bbox 802 4009 957 4119; x_wconf 83' lang='lat' dir='ltr'>aliquem</span> <span class='ocrx_word' id='word_1_243' title='bbox 975 4040 1022 4090; x_wconf 82' lang='lat' dir='ltr'>ex</span> <span class='ocrx_word' id='word_1_244' title='bbox 1039 4009 1221 4092; x_wconf 81' lang='lat' dir='ltr'>militibus</span> <span class='ocrx_word' id='word_1_245' title='bbox 1238 4013 1301 4092; x_wconf 73' lang='lat' dir='ltr'>hoc</span> 
     </span>
     <span class='ocr_line' id='line_1_36' title="bbox 135 4115 1303 4229; baseline 0.007 -32"><span class='ocrx_word' id='word_1_246' title='bbox 135 4115 264 4224; x_wconf 86' lang='lat' dir='ltr'>secum</span> <span class='ocrx_word' id='word_1_247' title='bbox 283 4115 481 4225; x_wconf 81' lang='lat' dir='ltr'>cogitaffe,·</span> <span class='ocrx_word' id='word_1_248' title='bbox 510 4144 580 4195; x_wconf 87' lang='lat' dir='ltr'>non</span> <span class='ocrx_word' id='word_1_249' title='bbox 602 4118 753 4198; x_wconf 83' lang='lat' dir='ltr'>Graecos</span> <span class='ocrx_word' id='word_1_250' title='bbox 764 4118 902 4225; x_wconf 69' lang='lat' dir='ltr'>stasim,</span> <span class='ocrx_word' id='word_1_251' title='bbox 915 4120 992 4229; x_wconf 86' lang='lat' dir='ltr'>sed</span> <span class='ocrx_word' id='word_1_252' title='bbox 1011 4152 1129 4204; x_wconf 87' lang='lat' dir='ltr'>omnes</span> <span class='ocrx_word' id='word_1_253' title='bbox 1146 4123 1303 4205; x_wconf 82' lang='lat' dir='ltr'>homines</span> 
     </span>
     <span class='ocr_line' id='line_1_37' title="bbox 146 4227 1302 4346; baseline 0.004 -36"><span class='ocrx_word' id='word_1_254' title='bbox 146 4228 202 4310; x_wconf 87' lang='lat' dir='ltr'>ad</span> <span class='ocrx_word' id='word_1_255' title='bbox 217 4230 314 4310; x_wconf 79' lang='lat' dir='ltr'>hanc</span> <span class='ocrx_word' id='word_1_256' title='bbox 333 4227 441 4338; x_wconf 86' lang='lat' dir='ltr'>usque</span> <span class='ocrx_word' id='word_1_257' title='bbox 459 4244 608 4308; x_wconf 74' lang='lat' dir='ltr'>atatem</span> <span class='ocrx_word' id='word_1_258' title='bbox 630 4231 885 4338; x_wconf 83' lang='lat' dir='ltr'>tyrannicidas</span> <span class='ocrx_word' id='word_1_259' title='bbox 902 4233 1059 4316; x_wconf 84' lang='lat' dir='ltr'>laudare</span> <span class='ocrx_word' id='word_1_260' title='bbox 1070 4233 1203 4339; x_wconf 86' lang='lat' dir='ltr'>solitos</span> <span class='ocrx_word' id='word_1_261' title='bbox 1222 4236 1302 4346; x_wconf 74' lang='lat' dir='ltr'>effe,</span> 
     </span>
     <span class='ocr_line' id='line_1_38' title="bbox 147 4338 1300 4453; baseline 0.006 -31"><span class='ocrx_word' id='word_1_262' title='bbox 147 4343 214 4452; x_wconf 85' lang='lat' dir='ltr'>qui</span> <span class='ocrx_word' id='word_1_263' title='bbox 221 4361 294 4453; x_wconf 80' lang='lat' dir='ltr'>pro</span> <span class='ocrx_word' id='word_1_264' title='bbox 309 4340 463 4422; x_wconf 86' lang='lat' dir='ltr'>omnium</span> <span class='ocrx_word' id='word_1_265' title='bbox 483 4338 657 4421; x_wconf 83' lang='lat' dir='ltr'>libertate</span> <span class='ocrx_word' id='word_1_266' title='bbox 669 4360 819 4424; x_wconf 86' lang='lat' dir='ltr'>mortem</span> <span class='ocrx_word' id='word_1_267' title='bbox 833 4361 999 4453; x_wconf 86' lang='lat' dir='ltr'>oppetere</span> <span class='ocrx_word' id='word_1_268' title='bbox 1012 4376 1081 4428; x_wconf 81' lang='lat' dir='ltr'>noa</span> <span class='ocrx_word' id='word_1_269' title='bbox 1095 4345 1300 4443; x_wconf 55' lang='lat' dir='ltr'>dubitarem</span> 
     </span>
    </p>
   </div>
   <div class='ocr_carea' id='block_1_3' title="bbox 0 0 1454 5204">
    <p class='ocr_par' dir='ltr' id='par_1_10' title="bbox 0 0 1454 5204">
     <span class='ocr_line' id='line_1_39' title="bbox 0 0 1454 5204; baseline 0 0"><span class='ocrx_word' id='word_1_270' title='bbox 0 0 1454 5204; x_wconf 95' lang='lat' dir='ltr'> </span> 
     </span>
    </p>
   </div>
  </div>
 </body>
</html>
