2888 5204
165 835 483 972 Defenfio
517 837 816 968 Secunda
853 881 974 1014 pro
1008 834 1249 1014 Populo

341 1040 635 1175 Anglicano:
661 1045 843 1137 Contra
861 1035 1094 1137 infamem

169 1210 372 1290 Libellum
393 1234 655 1315 anonymum,
667 1205 779 1311 cujus
790 1203 968 1298 Titulus,
981 1202 1101 1312 Regii
1099 1201 1245 1312 sangui·

353 1347 411 1427 nis
424 1347 565 1426 clamor
577 1343 632 1424 ad
640 1343 771 1423 coelum
788 1340 968 1450 aduersus
977 1360 1081 1451 par-

511 1481 650 1563 ricidas
668 1480 913 1588 Anglicanos.

556 1725 862 1806 LECTORI.

151 1912 232 2011 p]
253 1913 279 1970 ‘r
342 1889 606 1998 Egefipotes
630 1906 671 1969 et
694 1888 788 1996 luge
813 1886 940 1966 saeculi
966 1891 1114 1983 vicem,
1141 1889 1181 1967 in
1204 1908 1264 1996 quo

160 2005 219 2101 ἦ,
289 2000 330 2105 ἦ
368 2001 651 2083 maledicentia
670 1998 826 2081 tantirm
843 2000 951 2080 licet.
1026 2002 1137 2080 Cave
1158 1998 1266 2080 crudas

156 2131 181 2246 δ’
207 2088 327 2259 ξῇὔ
369 2114 478 2195 hunc
501 2113 750 2193 Historicum
775 2112 866 2193 effe.
926 2112 1142 2193 Fabulator
1166 2111 1219 2192 est
1240 2122 1268 2188 et

167 2255 216 2265 ··
239 2254 281 2261 ”
370 2254 502 2306 merus
540 2228 676 2319 Poeta,
716 2226 810 2306 licet
845 2224 971 2305 oratio
1008 2225 1056 2305 fit
1099 2223 1269 2307 Prosa‘r'ca

144 2335 345 2418 Caeterirm
373 2341 463 2448 quis
489 2344 531 2418 et
552 2339 679 2447 qualis
702 2338 748 2417 fit
773 2338 844 2417 iste
872 2337 1101 2431 Miltonius,
1133 2340 1269 2447 ignoro.

142 2451 290 2529 Libelli
308 2451 390 2556 ejus
410 2450 489 2530 bile
509 2451 722 2561 pleniliimi
741 2449 828 2530 satis
851 2449 1019 2544 docent3
1049 2451 1148 2531 ficut
1165 2468 1204 2530 et
1221 2444 1274 2528 sslr

143 2560 383 2671 blasphemia
402 2590 524 2670 quam
544 2563 749 2642 Salmafius
768 2562 937 2642 ostendit
955 2560 1057 2641 mihi
1076 2563 1119 2641 in
1138 2562 1218 2668 ejus
1233 2560 1274 2640 li·

144 2674 216 2754 bro
234 2672 405 2780 Anglici
437 2675 580 2783 scripto
610 2676 659 2754 de
682 2677 873 2768 divortiis,
898 2702 1042 2783 nempe
1067 2674 1277 2755 Dobirinam

144 2787 353 2892 Evangelii
366 2806 403 2866 et
415 2789 572 2868 Domini
584 2787 699 2896 nostri
714 2787 812 2895 Jesu
832 2787 974 2895 Chrssi
988 2787 1032 2866 de
1048 2781 1280 2896 diuortioeffl

144 2897 394 2994 Diabolicatn,
413 2900 754 3008 quemadmodum
773 2900 821 2979 ab
841 2898 1026 2978 omnibus
1047 2900 1240 2992 Patribus,
1263 2892 1282 2975 i

143 3009 363 3120 Theologis
382 3010 578 3091 veteribus
602 3032 643 3091 et
666 3011 881 3105 hodierniS,
908 3009 956 3089 ab
980 3011 1167 3090 omnibus
1186 3014 1282 3090 Aca·

143 3123 284 3204 demiis
311 3144 350 3203 et
366 3124 548 3203 Ecclesris
570 3124 818 3216 BritanniciS,
840 3123 1103 3216 HollandiciS,
1125 3121 1284 3203 Gallicis

143 3236 377 3346 explicatur,
400 3236 468 3314 nifi
488 3238 692 3344 praevaleat
711 3235 892 3315 Miltonii
914 3237 1087 3344 privatus
1103 3234 1232 3316 sensus
1250 3250 1286 3313 et

143 3347 370 3456 speculatio,
398 3349 573 3428 docentis
600 3349 736 3457 quavis
760 3349 808 3427 de
828 3347 955 3440 causa,
982 3345 1065 3426 imo
1092 3346 1145 3426 ob
1172 3346 1287 3428 solam

144 3459 597 3551 morumadversrtatem,
613 3488 780 3540 uxorem
820 3458 896 3539 offe
909 3459 1072 3539 dimitti.
1135 3461 1288 3573 Qiset

143 3590 310 3676 quantus
324 3570 443 3649 fuerit
456 3571 674 3664 Salmafius‚
690 3571 812 3680 probe
826 3572 943 3650 novi:
967 3571 1078 3650 Nam
1092 3575 1185 3681 quis
1199 3599 1288 3652 eum

143 3682 311 3788 ignorat,
333 3682 402 3760 nifi
426 3702 465 3761 et
490 3685 560 3791 qui
584 3685 739 3764 literas?
771 3685 818 3762 In
841 3679 919 3762 hoc
945 3684 1013 3761 vix
1036 3683 1108 3792 ipsr
1136 3684 1288 3765 inimici

144 3793 250 3872 aliud
272 3794 488 3901 requirunt,
517 3792 638 3903 quim
656 3794 765 3904 quod
784 3794 903 3875 fuerit
922 3795 1161 3891 iracundior,
1185 3797 1289 3907 quod

143 3934 193 3984 ex
214 3905 363 4013 scriptis
383 3903 508 3986 ferme
529 3907 713 3988 omnibus
728 3926 902 4017 apparet,
920 3926 960 3985 et
979 3905 1082 3986 mali
1101 3909 1290 4018 conjuga·

143 4037 203 4098 tus
224 4046 272 4097 an
294 4016 531 4125 subjugatus,
558 4020 700 4100 nescio.
760 4018 826 4099 Ab
843 4019 1022 4097 Avaritia
1045 4019 1202 4128 prorsus
1229 4025 1291 4103 in·

143 4134 267 4210 tacius
293 4128 380 4223 fuit,
407 4149 447 4210 et
473 4128 573 4210 nihil
598 4129 730 4211 minus
763 4129 885 4241 quam
910 4129 1153 4227 Eunuchus3
1186 4131 1291 4243 quod

61 4295 66 4309 -
144 4241 211 4322 iste
239 4242 337 4335 vult,
366 4270 539 4351 quarens
568 4245 722 4323 ridendi
750 4244 953 4324 materiam
981 4261 1021 4322 et
1051 4244 1216 4326 ludendi
1241 4247 1290 4351 de

141 4355 269 4434 alieno
289 4355 407 4436 corio.
467 4357 685 4464 Siquando
705 4357 879 4466 prodibit
896 4354 984 4435 Viri
1010 4354 1157 4438 summi
1185 4358 1288 4469 post-
