<?xml version="1.0" encoding="UTF-8"?>
<!DOCTYPE html PUBLIC "-//W3C//DTD XHTML 1.0 Transitional//EN"
    "http://www.w3.org/TR/xhtml1/DTD/xhtml1-transitional.dtd">
<html xmlns="http://www.w3.org/1999/xhtml" xml:lang="en" lang="en">
 <head>
  <title>
</title>
<meta http-equiv="Content-Type" content="text/html;charset=utf-8" />
  <meta name='ocr-system' content='tesseract 3.04.00' />
  <meta name='ocr-capabilities' content='ocr_page ocr_carea ocr_par ocr_line ocrx_word'/>
</head>
<body>
  <div class='ocr_page' id='page_1' title='image "./worksjohnmilton07miltgoog_0213.png"; bbox 0 0 2888 5204; ppageno 0'>
   <div class='ocr_carea' id='block_1_1' title="bbox 150 166 1020 306">
    <p class='ocr_par' dir='ltr' id='par_1_1' title="bbox 150 166 1020 306">
     <span class='ocr_line' id='line_1_1' title="bbox 150 166 1020 306; baseline -0.001 -41"><span class='ocrx_word' id='word_1_1' title='bbox 150 190 224 293; x_wconf 86' lang='lat'>196</span> <span class='ocrx_word' id='word_1_2' title='bbox 417 173 611 306; x_wconf 85' lang='lat' dir='ltr'>Joannis</span> <span class='ocrx_word' id='word_1_3' title='bbox 639 166 846 302; x_wconf 91' lang='lat' dir='ltr'>Philippi</span> <span class='ocrx_word' id='word_1_4' title='bbox 871 168 1020 301; x_wconf 83' lang='lat' dir='ltr'>Angli</span> 
     </span>
    </p>
   </div>
   <div class='ocr_carea' id='block_1_2' title="bbox 135 347 1326 4264">
    <p class='ocr_par' dir='ltr' id='par_1_2' title="bbox 142 347 1265 462">
     <span class='ocr_line' id='line_1_2' title="bbox 142 347 1265 462; baseline -0.007 -31"><span class='ocrx_word' id='word_1_5' title='bbox 142 351 334 462; x_wconf 87' lang='lat' dir='ltr'>quondam,</span> <span class='ocrx_word' id='word_1_6' title='bbox 356 351 382 429; x_wconf 87' lang='lat' dir='ltr'>fi</span> <span class='ocrx_word' id='word_1_7' title='bbox 403 377 577 457; x_wconf 88' lang='lat' dir='ltr'>unquam</span> <span class='ocrx_word' id='word_1_8' title='bbox 599 347 690 443; x_wconf 90' lang='lat' dir='ltr'>fuit,</span> <span class='ocrx_word' id='word_1_9' title='bbox 710 349 932 429; x_wconf 87' lang='lat' dir='ltr'>multorum</span> <span class='ocrx_word' id='word_1_10' title='bbox 950 349 1088 458; x_wconf 87' lang='lat' dir='ltr'>postea</span> <span class='ocrx_word' id='word_1_11' title='bbox 1105 372 1265 426; x_wconf 86' lang='lat' dir='ltr'>annorum</span> 
     </span>
    </p>

    <p class='ocr_par' dir='ltr' id='par_1_3' title="bbox 140 456 1291 2919">
     <span class='ocr_line' id='line_1_3' title="bbox 142 456 1268 572; baseline -0.007 -30"><span class='ocrx_word' id='word_1_12' title='bbox 142 464 302 572; x_wconf 66' lang='lat' dir='ltr'>crapula</span> <span class='ocrx_word' id='word_1_13' title='bbox 329 464 370 541; x_wconf 92' lang='lat' dir='ltr'>in</span> <span class='ocrx_word' id='word_1_14' title='bbox 401 461 528 541; x_wconf 88' lang='lat' dir='ltr'>lustris</span> <span class='ocrx_word' id='word_1_15' title='bbox 558 479 674 569; x_wconf 89' lang='lat' dir='ltr'>atque</span> <span class='ocrx_word' id='word_1_16' title='bbox 701 460 858 570; x_wconf 90' lang='lat' dir='ltr'>popinis</span> <span class='ocrx_word' id='word_1_17' title='bbox 882 459 968 566; x_wconf 87' lang='lat' dir='ltr'>jam</span> <span class='ocrx_word' id='word_1_18' title='bbox 1000 460 1071 539; x_wconf 91' lang='lat' dir='ltr'>diu</span> <span class='ocrx_word' id='word_1_19' title='bbox 1104 456 1268 569; x_wconf 80' lang='lat' dir='ltr'>proluilli.</span> 
     </span>
     <span class='ocr_line' id='line_1_4' title="bbox 144 567 1275 681; baseline -0.004 -29"><span class='ocrx_word' id='word_1_20' title='bbox 144 576 219 653; x_wconf 87' lang='lat' dir='ltr'>Sed</span> <span class='ocrx_word' id='word_1_21' title='bbox 235 593 274 654; x_wconf 87' lang='lat' dir='ltr'>et</span> <span class='ocrx_word' id='word_1_22' title='bbox 288 595 335 654; x_wconf 87' lang='lat' dir='ltr'>tu</span> <span class='ocrx_word' id='word_1_23' title='bbox 345 603 467 653; x_wconf 84' lang='lat' dir='ltr'>eurum</span> <span class='ocrx_word' id='word_1_24' title='bbox 482 574 637 652; x_wconf 85' lang='lat' dir='ltr'>tutelam</span> <span class='ocrx_word' id='word_1_25' title='bbox 656 572 808 681; x_wconf 81' lang='lat' dir='ltr'>expetis.</span> <span class='ocrx_word' id='word_1_26' title='bbox 868 573 1103 653; x_wconf 86' lang='lat' dir='ltr'><strong>Hominum</strong></span> <span class='ocrx_word' id='word_1_27' title='bbox 1120 567 1275 680; x_wconf 85' lang='lat' dir='ltr'>stupidis·</span> 
     </span>
     <span class='ocr_line' id='line_1_5' title="bbox 142 681 1277 779; baseline -0.002 -14"><span class='ocrx_word' id='word_1_28' title='bbox 142 685 251 779; x_wconf 57' lang='lat' dir='ltr'>fimi,</span> <span class='ocrx_word' id='word_1_29' title='bbox 266 686 429 766; x_wconf 89' lang='lat' dir='ltr'>tutelam</span> <span class='ocrx_word' id='word_1_30' title='bbox 451 703 493 763; x_wconf 95' lang='lat' dir='ltr'>tu</span> <span class='ocrx_word' id='word_1_31' title='bbox 515 703 588 763; x_wconf 86' lang='lat' dir='ltr'>tuae</span> <span class='ocrx_word' id='word_1_32' title='bbox 606 684 792 764; x_wconf 79' lang='lat' dir='ltr'>barbaria</span> <span class='ocrx_word' id='word_1_33' title='bbox 805 685 847 762; x_wconf 91' lang='lat' dir='ltr'>in</span> <span class='ocrx_word' id='word_1_34' title='bbox 859 682 1076 764; x_wconf 86' lang='lat' dir='ltr'>Musarum</span> <span class='ocrx_word' id='word_1_35' title='bbox 1095 681 1277 763; x_wconf 74' lang='lat' dir='ltr'>donncilio</span> 
     </span>
     <span class='ocr_line' id='line_1_6' title="bbox 140 792 1280 906; baseline -0.001 -30"><span class='ocrx_word' id='word_1_36' title='bbox 140 800 294 905; x_wconf 88' lang='lat' dir='ltr'>quaeris,</span> <span class='ocrx_word' id='word_1_37' title='bbox 314 825 485 906; x_wconf 91' lang='lat' dir='ltr'>quarum</span> <span class='ocrx_word' id='word_1_38' title='bbox 503 795 581 875; x_wconf 92' lang='lat' dir='ltr'>hoc</span> <span class='ocrx_word' id='word_1_39' title='bbox 601 794 729 904; x_wconf 91' lang='lat' dir='ltr'>ipsum</span> <span class='ocrx_word' id='word_1_40' title='bbox 750 824 894 877; x_wconf 86' lang='lat' dir='ltr'>munus</span> <span class='ocrx_word' id='word_1_41' title='bbox 914 796 987 890; x_wconf 87' lang='lat' dir='ltr'>est,</span> <span class='ocrx_word' id='word_1_42' title='bbox 1006 797 1184 877; x_wconf 69' lang='lat' dir='ltr'>vinctam</span> <span class='ocrx_word' id='word_1_43' title='bbox 1205 792 1280 875; x_wconf 71' lang='lat' dir='ltr'>bn.-</span> 
     </span>
     <span class='ocr_line' id='line_1_7' title="bbox 143 900 1285 989; baseline -0.001 -1"><span class='ocrx_word' id='word_1_44' title='bbox 143 909 292 989; x_wconf 90' lang='lat' dir='ltr'>bariem</span> <span class='ocrx_word' id='word_1_45' title='bbox 312 911 457 989; x_wconf 86' lang='lat' dir='ltr'>catenis</span> <span class='ocrx_word' id='word_1_46' title='bbox 477 909 517 986; x_wconf 90' lang='lat' dir='ltr'>in</span> <span class='ocrx_word' id='word_1_47' title='bbox 538 927 656 987; x_wconf 89' lang='lat' dir='ltr'>terras</span> <span class='ocrx_word' id='word_1_48' title='bbox 676 909 836 988; x_wconf 90' lang='lat' dir='ltr'>ultimas</span> <span class='ocrx_word' id='word_1_49' title='bbox 856 900 1285 989; x_wconf 55' lang='lat' dir='ltr'>exterminarent&amp;</span> 
     </span>
     <span class='ocr_line' id='line_1_8' title="bbox 143 1018 1289 1129; baseline 0 -29"><span class='ocrx_word' id='word_1_50' title='bbox 143 1022 294 1102; x_wconf 89' lang='lat' dir='ltr'>medius</span> <span class='ocrx_word' id='word_1_51' title='bbox 309 1020 478 1129; x_wconf 89' lang='lat' dir='ltr'>dilapsus</span> <span class='ocrx_word' id='word_1_52' title='bbox 498 1021 539 1098; x_wconf 92' lang='lat' dir='ltr'>in</span> <span class='ocrx_word' id='word_1_53' title='bbox 555 1018 696 1099; x_wconf 83' lang='lat' dir='ltr'>hostes.</span> <span class='ocrx_word' id='word_1_54' title='bbox 756 1021 903 1100; x_wconf 87' lang='lat' dir='ltr'>Saltem</span> <span class='ocrx_word' id='word_1_55' title='bbox 922 1021 1022 1099; x_wconf 92' lang='lat' dir='ltr'>dum</span> <span class='ocrx_word' id='word_1_56' title='bbox 1036 1018 1289 1100; x_wconf 66' lang='lat' dir='ltr'>Academiae</span> 
     </span>
     <span class='ocr_line' id='line_1_9' title="bbox 142 1124 1288 1242; baseline -0.003 -30"><span class='ocrx_word' id='word_1_57' title='bbox 142 1133 368 1242; x_wconf 85' lang='lat' dir='ltr'>alloqueris,</span> <span class='ocrx_word' id='word_1_58' title='bbox 390 1132 526 1211; x_wconf 87' lang='lat' dir='ltr'>fimula</span> <span class='ocrx_word' id='word_1_59' title='bbox 547 1151 584 1211; x_wconf 87' lang='lat' dir='ltr'>te</span> <span class='ocrx_word' id='word_1_60' title='bbox 604 1132 803 1211; x_wconf 89' lang='lat' dir='ltr'>literatum</span> <span class='ocrx_word' id='word_1_61' title='bbox 819 1133 1053 1241; x_wconf 88' lang='lat' dir='ltr'>quempiam</span> <span class='ocrx_word' id='word_1_62' title='bbox 1069 1124 1288 1225; x_wconf 59' lang='lat' dir='ltr'>efferunt</span> 
     </span>
     <span class='ocr_line' id='line_1_10' title="bbox 142 1238 1290 1355; baseline -0.002 -30"><span class='ocrx_word' id='word_1_63' title='bbox 142 1250 335 1355; x_wconf 70' lang='lat' dir='ltr'>pundtum</span> <span class='ocrx_word' id='word_1_64' title='bbox 366 1244 568 1353; x_wconf 88' lang='lat' dir='ltr'>temporis,</span> <span class='ocrx_word' id='word_1_65' title='bbox 600 1244 627 1322; x_wconf 90' lang='lat' dir='ltr'>fi</span> <span class='ocrx_word' id='word_1_66' title='bbox 657 1263 781 1352; x_wconf 89' lang='lat' dir='ltr'>potes.</span> <span class='ocrx_word' id='word_1_67' title='bbox 843 1245 1058 1350; x_wconf 86' lang='lat' dir='ltr'>Salmaſsas,</span> <span class='ocrx_word' id='word_1_68' title='bbox 1100 1244 1175 1337; x_wconf 90' lang='lat' dir='ltr'>ais,</span> <span class='ocrx_word' id='word_1_69' title='bbox 1212 1238 1290 1323; x_wconf 68' lang='lat' dir='ltr'>nili</span> 
     </span>
     <span class='ocr_line' id='line_1_11' title="bbox 142 1355 1288 1467; baseline -0.001 -31"><span class='ocrx_word' id='word_1_70' title='bbox 142 1357 266 1464; x_wconf 85' lang='lat' dir='ltr'><em>ansam</em></span> <span class='ocrx_word' id='word_1_71' title='bbox 281 1357 450 1467; x_wconf 63' lang='lat' dir='ltr'>praebuit</span> <span class='ocrx_word' id='word_1_72' title='bbox 469 1355 546 1465; x_wconf 86' lang='lat' dir='ltr'>qui,</span> <span class='ocrx_word' id='word_1_73' title='bbox 562 1374 684 1435; x_wconf 84' lang='lat' dir='ltr'>tamen</span> <span class='ocrx_word' id='word_1_74' title='bbox 703 1355 864 1436; x_wconf 82' lang='lat' dir='ltr'>omnibus</span> <span class='ocrx_word' id='word_1_75' title='bbox 881 1355 1066 1465; x_wconf 84' lang='lat' dir='ltr'><em>arripuit.</em></span> <span class='ocrx_word' id='word_1_76' title='bbox 1104 1360 1288 1467; x_wconf 69' lang='lat' dir='ltr'>Qunam</span> 
     </span>
     <span class='ocr_line' id='line_1_12' title="bbox 144 1468 1287 1575; baseline 0 -28"><span class='ocrx_word' id='word_1_77' title='bbox 144 1469 213 1548; x_wconf 89' lang='lat' dir='ltr'>ista</span> <span class='ocrx_word' id='word_1_78' title='bbox 232 1469 425 1549; x_wconf 89' lang='lat' dir='ltr'>balbuties</span> <span class='ocrx_word' id='word_1_79' title='bbox 441 1469 523 1546; x_wconf 86' lang='lat' dir='ltr'>est?</span> <span class='ocrx_word' id='word_1_80' title='bbox 554 1468 588 1547; x_wconf 88' lang='lat' dir='ltr'>F</span> <span class='ocrx_word' id='word_1_81' title='bbox 589 1495 634 1546; x_wconf 90' lang='lat' dir='ltr'>ac</span> <span class='ocrx_word' id='word_1_82' title='bbox 649 1468 771 1547; x_wconf 92' lang='lat' dir='ltr'>modu</span> <span class='ocrx_word' id='word_1_83' title='bbox 786 1468 1019 1560; x_wconf 83' lang='lat' dir='ltr'>Academia,</span> <span class='ocrx_word' id='word_1_84' title='bbox 1035 1495 1166 1575; x_wconf 91' lang='lat' dir='ltr'>quam</span> <span class='ocrx_word' id='word_1_85' title='bbox 1180 1468 1287 1547; x_wconf 84' lang='lat' dir='ltr'>intet-</span> 
     </span>
     <span class='ocr_line' id='line_1_13' title="bbox 142 1577 1288 1689; baseline -0.001 -29"><span class='ocrx_word' id='word_1_86' title='bbox 142 1581 278 1689; x_wconf 86' lang='lat' dir='ltr'>pellas,</span> <span class='ocrx_word' id='word_1_87' title='bbox 294 1599 332 1659; x_wconf 90' lang='lat' dir='ltr'>te</span> <span class='ocrx_word' id='word_1_88' title='bbox 346 1579 540 1687; x_wconf 87' lang='lat' dir='ltr'>intelligat</span> <span class='ocrx_word' id='word_1_89' title='bbox 559 1581 768 1659; x_wconf 90' lang='lat' dir='ltr'>alumnum</span> <span class='ocrx_word' id='word_1_90' title='bbox 788 1579 916 1673; x_wconf 89' lang='lat' dir='ltr'>suum,</span> <span class='ocrx_word' id='word_1_91' title='bbox 924 1580 993 1659; x_wconf 84' lang='lat' dir='ltr'>vix</span> <span class='ocrx_word' id='word_1_92' title='bbox 1007 1577 1288 1660; x_wconf 88' lang='lat' dir='ltr'>creduannoti-</span> 
     </span>
     <span class='ocr_line' id='line_1_14' title="bbox 142 1689 1288 1800; baseline -0.001 -29"><span class='ocrx_word' id='word_1_93' title='bbox 142 1720 254 1771; x_wconf 92' lang='lat' dir='ltr'>num.</span> <span class='ocrx_word' id='word_1_94' title='bbox 305 1695 389 1770; x_wconf 89' lang='lat' dir='ltr'>Nec</span> <span class='ocrx_word' id='word_1_95' title='bbox 402 1693 598 1785; x_wconf 88' lang='lat' dir='ltr'>calamum,</span> <span class='ocrx_word' id='word_1_96' title='bbox 615 1693 804 1800; x_wconf 87' lang='lat' dir='ltr'>inquis,in</span> <span class='ocrx_word' id='word_1_97' title='bbox 815 1711 962 1772; x_wconf 85' lang='lat' dir='ltr'>manum</span> <span class='ocrx_word' id='word_1_98' title='bbox 962 1691 1120 1797; x_wconf 75' lang='lat' dir='ltr'>fremere</span> <span class='ocrx_word' id='word_1_99' title='bbox 1130 1689 1288 1773; x_wconf 75' lang='lat' dir='ltr'>audem</span> 
     </span>
     <span class='ocr_line' id='line_1_15' title="bbox 143 1799 1291 1912; baseline 0 -30"><span class='ocrx_word' id='word_1_100' title='bbox 143 1801 339 1912; x_wconf 80' lang='lat' dir='ltr'>(sapuisses</span> <span class='ocrx_word' id='word_1_101' title='bbox 362 1823 404 1882; x_wconf 94' lang='lat' dir='ltr'>tu</span> <span class='ocrx_word' id='word_1_102' title='bbox 425 1804 588 1911; x_wconf 91' lang='lat' dir='ltr'>quidem</span> <span class='ocrx_word' id='word_1_103' title='bbox 609 1804 636 1882; x_wconf 88' lang='lat' dir='ltr'>fi</span> <span class='ocrx_word' id='word_1_104' title='bbox 656 1803 768 1884; x_wconf 88' lang='lat' dir='ltr'>ausus</span> <span class='ocrx_word' id='word_1_105' title='bbox 788 1832 866 1884; x_wconf 92' lang='lat' dir='ltr'>non</span> <span class='ocrx_word' id='word_1_106' title='bbox 886 1802 1035 1911; x_wconf 78' lang='lat' dir='ltr'>fuisses)</span> <span class='ocrx_word' id='word_1_107' title='bbox 1056 1804 1132 1909; x_wconf 66' lang='lat' dir='ltr'>affl</span> <span class='ocrx_word' id='word_1_108' title='bbox 1146 1799 1291 1885; x_wconf 79' lang='lat' dir='ltr'>Miltatt&#39;</span> 
     </span>
     <span class='ocr_line' id='line_1_16' title="bbox 141 1913 1288 2025; baseline -0.001 -30"><span class='ocrx_word' id='word_1_109' title='bbox 141 1916 302 1996; x_wconf 85' lang='lat' dir='ltr'>amentia</span> <span class='ocrx_word' id='word_1_110' title='bbox 320 1945 374 1995; x_wconf 86' lang='lat' dir='ltr'>me</span> <span class='ocrx_word' id='word_1_111' title='bbox 394 1916 554 1995; x_wconf 58' lang='lat' dir='ltr'>invitam</span> <span class='ocrx_word' id='word_1_112' title='bbox 566 1916 809 2025; x_wconf 76' lang='lat' dir='ltr'>provocaffet.</span> <span class='ocrx_word' id='word_1_113' title='bbox 868 1917 925 1994; x_wconf 91' lang='lat' dir='ltr'>At</span> <span class='ocrx_word' id='word_1_114' title='bbox 939 1915 1005 1994; x_wconf 88' lang='lat' dir='ltr'>ille</span> <span class='ocrx_word' id='word_1_115' title='bbox 1019 1935 1059 1995; x_wconf 88' lang='lat' dir='ltr'>te</span> <span class='ocrx_word' id='word_1_116' title='bbox 1075 1942 1160 1997; x_wconf 91' lang='lat' dir='ltr'>nun</span> <span class='ocrx_word' id='word_1_117' title='bbox 1176 1913 1288 2023; x_wconf 85' lang='lat' dir='ltr'>magis</span> 
     </span>
     <span class='ocr_line' id='line_1_17' title="bbox 142 2025 1287 2137; baseline -0.001 -30"><span class='ocrx_word' id='word_1_118' title='bbox 142 2029 385 2137; x_wconf 85' lang='lat' dir='ltr'>provocavit,</span> <span class='ocrx_word' id='word_1_119' title='bbox 398 2025 519 2136; x_wconf 75' lang='lat' dir='ltr'>quam</span> <span class='ocrx_word' id='word_1_120' title='bbox 536 2029 605 2136; x_wconf 88' lang='lat' dir='ltr'>qui</span> <span class='ocrx_word' id='word_1_121' title='bbox 622 2047 853 2136; x_wconf 85' lang='lat' dir='ltr'>praetereunt</span> <span class='ocrx_word' id='word_1_122' title='bbox 864 2029 1151 2136; x_wconf 86' lang='lat' dir='ltr'>importunum</span> <span class='ocrx_word' id='word_1_123' title='bbox 1165 2046 1205 2108; x_wconf 84' lang='lat' dir='ltr'>et</span> <span class='ocrx_word' id='word_1_124' title='bbox 1219 2027 1287 2106; x_wconf 92' lang='lat' dir='ltr'>im-</span> 
     </span>
     <span class='ocr_line' id='line_1_18' title="bbox 143 2139 1288 2249; baseline 0 -31"><span class='ocrx_word' id='word_1_125' title='bbox 143 2140 360 2249; x_wconf 78' lang='lat' dir='ltr'>probissimi</span> <span class='ocrx_word' id='word_1_126' title='bbox 380 2141 456 2219; x_wconf 89' lang='lat' dir='ltr'>oris</span> <span class='ocrx_word' id='word_1_127' title='bbox 476 2167 628 2232; x_wconf 90' lang='lat' dir='ltr'>canem,</span> <span class='ocrx_word' id='word_1_128' title='bbox 651 2168 772 2248; x_wconf 91' lang='lat' dir='ltr'>quem</span> <span class='ocrx_word' id='word_1_129' title='bbox 792 2140 897 2218; x_wconf 92' lang='lat' dir='ltr'>inani</span> <span class='ocrx_word' id='word_1_130' title='bbox 918 2140 1062 2219; x_wconf 87' lang='lat' dir='ltr'>latratu</span> <span class='ocrx_word' id='word_1_131' title='bbox 1088 2139 1288 2249; x_wconf 84' lang='lat' dir='ltr'>insequen-</span> 
     </span>
     <span class='ocr_line' id='line_1_19' title="bbox 142 2251 1285 2358; baseline -0.001 -28"><span class='ocrx_word' id='word_1_132' title='bbox 142 2273 224 2330; x_wconf 89' lang='lat' dir='ltr'>tem</span> <span class='ocrx_word' id='word_1_133' title='bbox 244 2253 297 2330; x_wconf 91' lang='lat' dir='ltr'>ita</span> <span class='ocrx_word' id='word_1_134' title='bbox 316 2253 549 2344; x_wconf 89' lang='lat' dir='ltr'>contemnit,</span> <span class='ocrx_word' id='word_1_135' title='bbox 567 2271 610 2331; x_wconf 95' lang='lat' dir='ltr'>ut</span> <span class='ocrx_word' id='word_1_136' title='bbox 625 2253 693 2330; x_wconf 83' lang='lat' dir='ltr'>vix</span> <span class='ocrx_word' id='word_1_137' title='bbox 712 2251 812 2331; x_wconf 87' lang='lat' dir='ltr'>fuste</span> <span class='ocrx_word' id='word_1_138' title='bbox 832 2274 870 2331; x_wconf 88' lang='lat' dir='ltr'>te</span> <span class='ocrx_word' id='word_1_139' title='bbox 889 2251 1074 2358; x_wconf 85' lang='lat' dir='ltr'>dignetur</span> <span class='ocrx_word' id='word_1_140' title='bbox 1087 2269 1161 2332; x_wconf 90' lang='lat' dir='ltr'>aut</span> <span class='ocrx_word' id='word_1_141' title='bbox 1175 2251 1285 2330; x_wconf 82' lang='lat' dir='ltr'>calue.</span> 
     </span>
     <span class='ocr_line' id='line_1_20' title="bbox 142 2361 1288 2472; baseline -0.002 -31"><span class='ocrx_word' id='word_1_142' title='bbox 142 2363 247 2471; x_wconf 72' lang='lat' dir='ltr'>Qud</span> <span class='ocrx_word' id='word_1_143' title='bbox 271 2361 374 2456; x_wconf 73' lang='lat' dir='ltr'>vers,</span> <span class='ocrx_word' id='word_1_144' title='bbox 408 2365 554 2471; x_wconf 89' lang='lat' dir='ltr'>inquis,</span> <span class='ocrx_word' id='word_1_145' title='bbox 594 2393 640 2444; x_wconf 90' lang='lat' dir='ltr'>ac</span> <span class='ocrx_word' id='word_1_146' title='bbox 674 2382 800 2443; x_wconf 85' lang='lat' dir='ltr'>extero</span> <span class='ocrx_word' id='word_1_147' title='bbox 834 2363 901 2472; x_wconf 83' lang='lat' dir='ltr'>qai</span> <span class='ocrx_word' id='word_1_148' title='bbox 931 2363 1030 2442; x_wconf 82' lang='lat' dir='ltr'>inter</span> <span class='ocrx_word' id='word_1_149' title='bbox 1066 2361 1288 2472; x_wconf 78' lang='lat' dir='ltr'>inhospitales</span> 
     </span>
     <span class='ocr_line' id='line_1_21' title="bbox 145 2471 1286 2584; baseline -0.004 -29"><span class='ocrx_word' id='word_1_150' title='bbox 145 2474 327 2580; x_wconf 79' lang='lat' dir='ltr'>Caucasus</span> <span class='ocrx_word' id='word_1_151' title='bbox 345 2477 465 2554; x_wconf 88' lang='lat' dir='ltr'>uitam</span> <span class='ocrx_word' id='word_1_152' title='bbox 484 2475 599 2581; x_wconf 81' lang='lat' dir='ltr'>degit,</span> <span class='ocrx_word' id='word_1_153' title='bbox 623 2475 817 2584; x_wconf 64' lang='lat' dir='ltr'>expulsuri</span> <span class='ocrx_word' id='word_1_154' title='bbox 829 2473 1006 2583; x_wconf 81' lang='lat' dir='ltr'>poterit?</span> <span class='ocrx_word' id='word_1_155' title='bbox 1034 2473 1160 2555; x_wconf 90' lang='lat' dir='ltr'>Nihil</span> <span class='ocrx_word' id='word_1_156' title='bbox 1185 2471 1286 2555; x_wconf 64' lang='lat' dir='ltr'>saul:</span> 
     </span>
     <span class='ocr_line' id='line_1_22' title="bbox 144 2585 1288 2697; baseline -0.003 -30"><span class='ocrx_word' id='word_1_157' title='bbox 144 2588 474 2697; x_wconf 63' lang='lat' dir='ltr'>Expectationem</span> <span class='ocrx_word' id='word_1_158' title='bbox 494 2607 537 2665; x_wconf 93' lang='lat' dir='ltr'>tu</span> <span class='ocrx_word' id='word_1_159' title='bbox 558 2588 728 2667; x_wconf 85' lang='lat' dir='ltr'>nostram</span> <span class='ocrx_word' id='word_1_160' title='bbox 748 2585 915 2666; x_wconf 72' lang='lat' dir='ltr'>minime</span> <span class='ocrx_word' id='word_1_161' title='bbox 938 2585 1137 2667; x_wconf 86' lang='lat' dir='ltr'>fefellisti:</span> <span class='ocrx_word' id='word_1_162' title='bbox 1172 2612 1288 2694; x_wconf 89' lang='lat' dir='ltr'>neque</span> 
     </span>
     <span class='ocr_line' id='line_1_23' title="bbox 141 2695 1290 2808; baseline -0.001 -30"><span class='ocrx_word' id='word_1_163' title='bbox 141 2699 245 2779; x_wconf 68' lang='lat' dir='ltr'>certe</span> <span class='ocrx_word' id='word_1_164' title='bbox 266 2718 348 2777; x_wconf 89' lang='lat' dir='ltr'>erat</span> <span class='ocrx_word' id='word_1_165' title='bbox 367 2727 466 2808; x_wconf 90' lang='lat' dir='ltr'>opus</span> <span class='ocrx_word' id='word_1_166' title='bbox 488 2717 532 2777; x_wconf 93' lang='lat' dir='ltr'>ut</span> <span class='ocrx_word' id='word_1_167' title='bbox 552 2718 589 2778; x_wconf 90' lang='lat' dir='ltr'>te</span> <span class='ocrx_word' id='word_1_168' title='bbox 607 2700 708 2778; x_wconf 90' lang='lat' dir='ltr'>inter</span> <span class='ocrx_word' id='word_1_169' title='bbox 725 2699 916 2779; x_wconf 85' lang='lat' dir='ltr'>Caucasus</span> <span class='ocrx_word' id='word_1_170' title='bbox 931 2701 1054 2779; x_wconf 89' lang='lat' dir='ltr'>vitam</span> <span class='ocrx_word' id='word_1_171' title='bbox 1073 2699 1219 2806; x_wconf 85' lang='lat' dir='ltr'>degere</span> <span class='ocrx_word' id='word_1_172' title='bbox 1238 2695 1290 2776; x_wconf 87' lang='lat' dir='ltr'>sa-</span> 
     </span>
     <span class='ocr_line' id='line_1_24' title="bbox 142 2810 1288 2919; baseline -0.003 -29"><span class='ocrx_word' id='word_1_173' title='bbox 142 2831 279 2904; x_wconf 90' lang='lat' dir='ltr'>terere,</span> <span class='ocrx_word' id='word_1_174' title='bbox 302 2812 436 2918; x_wconf 86' lang='lat' dir='ltr'>lingua</span> <span class='ocrx_word' id='word_1_175' title='bbox 457 2831 494 2889; x_wconf 88' lang='lat' dir='ltr'>te</span> <span class='ocrx_word' id='word_1_176' title='bbox 511 2830 591 2904; x_wconf 89' lang='lat' dir='ltr'>tua,</span> <span class='ocrx_word' id='word_1_177' title='bbox 614 2813 761 2919; x_wconf 88' lang='lat' dir='ltr'>ipsrque</span> <span class='ocrx_word' id='word_1_178' title='bbox 778 2839 906 2890; x_wconf 84' lang='lat' dir='ltr'>mores</span> <span class='ocrx_word' id='word_1_179' title='bbox 926 2810 1138 2890; x_wconf 85' lang='lat' dir='ltr'>barbarum</span> <span class='ocrx_word' id='word_1_180' title='bbox 1157 2811 1288 2889; x_wconf 88' lang='lat' dir='ltr'>clami·</span> 
     </span>
    </p>

    <p class='ocr_par' dir='ltr' id='par_1_4' title="bbox 135 2914 1326 4264">
     <span class='ocr_line' id='line_1_25' title="bbox 143 2914 1326 3031; baseline -0.001 -30"><span class='ocrx_word' id='word_1_181' title='bbox 143 2943 239 3016; x_wconf 90' lang='lat' dir='ltr'>tant,</span> <span class='ocrx_word' id='word_1_182' title='bbox 260 2925 431 3031; x_wconf 90' lang='lat' dir='ltr'>Tuaque</span> <span class='ocrx_word' id='word_1_183' title='bbox 452 2922 517 3001; x_wconf 85' lang='lat' dir='ltr'>illa</span> <span class='ocrx_word' id='word_1_184' title='bbox 540 2924 734 3002; x_wconf 86' lang='lat' dir='ltr'>Caucasea</span> <span class='ocrx_word' id='word_1_185' title='bbox 751 2940 860 3030; x_wconf 80' lang='lat' dir='ltr'>patna</span> <span class='ocrx_word' id='word_1_186' title='bbox 880 2923 907 3001; x_wconf 85' lang='lat' dir='ltr'>fi</span> <span class='ocrx_word' id='word_1_187' title='bbox 927 2924 1017 3002; x_wconf 84' lang='lat' dir='ltr'>dare</span> <span class='ocrx_word' id='word_1_188' title='bbox 1032 2922 1177 3014; x_wconf 69' lang='lat' dir='ltr'>velles,</span> <span class='ocrx_word' id='word_1_189' title='bbox 1203 2921 1289 3002; x_wconf 87' lang='lat' dir='ltr'>scito</span> <span class='ocrx_word' id='word_1_190' title='bbox 1324 2914 1326 2923; x_wconf 69' lang='grc'><strong>’</strong></span> 
     </span>
     <span class='ocr_line' id='line_1_26' title="bbox 141 3033 1289 3144; baseline -0.002 -30"><span class='ocrx_word' id='word_1_191' title='bbox 141 3034 472 3114; x_wconf 87' lang='lat' dir='ltr'>omnesAlcinoos</span> <span class='ocrx_word' id='word_1_192' title='bbox 483 3033 722 3143; x_wconf 69' lang='lat' dir='ltr'>magnopere</span> <span class='ocrx_word' id='word_1_193' title='bbox 734 3033 939 3144; x_wconf 87' lang='lat' dir='ltr'>aspernati.</span> <span class='ocrx_word' id='word_1_194' title='bbox 961 3034 1289 3114; x_wconf 86' lang='lat' dir='ltr'>AdAcademiam</span> 
     </span>
     <span class='ocr_line' id='line_1_27' title="bbox 141 3144 1289 3256; baseline -0.003 -28"><span class='ocrx_word' id='word_1_195' title='bbox 141 3148 316 3256; x_wconf 87' lang='lat' dir='ltr'>quereris</span> <span class='ocrx_word' id='word_1_196' title='bbox 336 3149 436 3225; x_wconf 88' lang='lat' dir='ltr'>inter</span> <span class='ocrx_word' id='word_1_197' title='bbox 456 3146 544 3238; x_wconf 89' lang='lat' dir='ltr'>alia,</span> <span class='ocrx_word' id='word_1_198' title='bbox 562 3145 670 3254; x_wconf 78' lang='lat' dir='ltr'>qudd</span> <span class='ocrx_word' id='word_1_199' title='bbox 690 3146 858 3251; x_wconf 83' lang='lat' dir='ltr'>Banaufi</span> <span class='ocrx_word' id='word_1_200' title='bbox 868 3165 905 3226; x_wconf 87' lang='lat' dir='ltr'>et</span> <span class='ocrx_word' id='word_1_201' title='bbox 917 3145 1138 3227; x_wconf 82' lang='lat' dir='ltr'>Machanici</span> <span class='ocrx_word' id='word_1_202' title='bbox 1153 3147 1193 3226; x_wconf 87' lang='lat' dir='ltr'>in</span> <span class='ocrx_word' id='word_1_203' title='bbox 1205 3144 1289 3256; x_wconf 82' lang='lat' dir='ltr'>pal-</span> 
     </span>
     <span class='ocr_line' id='line_1_28' title="bbox 135 3257 1289 3369; baseline -0.002 -30"><span class='ocrx_word' id='word_1_204' title='bbox 135 3261 258 3369; x_wconf 87' lang='lat' dir='ltr'>pitum</span> <span class='ocrx_word' id='word_1_205' title='bbox 278 3257 529 3365; x_wconf 68' lang='lat' dir='ltr'>cffcenderunt.</span> <span class='ocrx_word' id='word_1_206' title='bbox 584 3259 795 3338; x_wconf 70' lang='lat' dir='ltr'>Perductus</span> <span class='ocrx_word' id='word_1_207' title='bbox 812 3277 853 3337; x_wconf 92' lang='lat' dir='ltr'>tu</span> <span class='ocrx_word' id='word_1_208' title='bbox 874 3259 1038 3367; x_wconf 90' lang='lat' dir='ltr'>quidem</span> <span class='ocrx_word' id='word_1_209' title='bbox 1056 3277 1097 3337; x_wconf 88' lang='lat' dir='ltr'>et</span> <span class='ocrx_word' id='word_1_210' title='bbox 1114 3258 1289 3350; x_wconf 89' lang='lat' dir='ltr'>idoneus,</span> 
     </span>
     <span class='ocr_line' id='line_1_29' title="bbox 141 3368 1289 3480; baseline -0.003 -29"><span class='ocrx_word' id='word_1_211' title='bbox 141 3373 211 3480; x_wconf 94' lang='lat' dir='ltr'>qui</span> <span class='ocrx_word' id='word_1_212' title='bbox 225 3371 433 3462; x_wconf 89' lang='lat' dir='ltr'>Banausos,</span> <span class='ocrx_word' id='word_1_213' title='bbox 448 3389 487 3449; x_wconf 91' lang='lat' dir='ltr'>et</span> <span class='ocrx_word' id='word_1_214' title='bbox 501 3368 760 3450; x_wconf 88' lang='lat' dir='ltr'>Mechanicos</span> <span class='ocrx_word' id='word_1_215' title='bbox 772 3371 812 3447; x_wconf 91' lang='lat' dir='ltr'>in</span> <span class='ocrx_word' id='word_1_216' title='bbox 828 3370 1032 3478; x_wconf 89' lang='lat' dir='ltr'>pulpitum</span> <span class='ocrx_word' id='word_1_217' title='bbox 1047 3368 1289 3450; x_wconf 87' lang='lat' dir='ltr'>ascendentes</span> 
     </span>
     <span class='ocr_line' id='line_1_30' title="bbox 142 3480 1289 3591; baseline 0 -31"><span class='ocrx_word' id='word_1_218' title='bbox 142 3483 351 3575; x_wconf 74' lang='lat' dir='ltr'>insecteris,</span> <span class='ocrx_word' id='word_1_219' title='bbox 373 3484 443 3591; x_wconf 89' lang='lat' dir='ltr'>qui</span> <span class='ocrx_word' id='word_1_220' title='bbox 468 3483 613 3589; x_wconf 88' lang='lat' dir='ltr'>pariter</span> <span class='ocrx_word' id='word_1_221' title='bbox 639 3503 754 3591; x_wconf 86' lang='lat' dir='ltr'>atque</span> <span class='ocrx_word' id='word_1_222' title='bbox 782 3480 840 3561; x_wconf 92' lang='lat' dir='ltr'>illi</span> <span class='ocrx_word' id='word_1_223' title='bbox 862 3483 1144 3562; x_wconf 71' lang='lat' dir='ltr'>Grlmmaticae</span> <span class='ocrx_word' id='word_1_224' title='bbox 1174 3482 1289 3572; x_wconf 86' lang='lat' dir='ltr'>rudis,</span> 
     </span>
     <span class='ocr_line' id='line_1_31' title="bbox 142 3590 1290 3702; baseline 0.001 -30"><span class='ocrx_word' id='word_1_225' title='bbox 142 3592 247 3673; x_wconf 90' lang='lat' dir='ltr'>haud</span> <span class='ocrx_word' id='word_1_226' title='bbox 268 3595 345 3672; x_wconf 92' lang='lat' dir='ltr'>illis</span> <span class='ocrx_word' id='word_1_227' title='bbox 362 3595 488 3700; x_wconf 89' lang='lat' dir='ltr'>magis</span> <span class='ocrx_word' id='word_1_228' title='bbox 504 3593 705 3701; x_wconf 88' lang='lat' dir='ltr'>pulpitum</span> <span class='ocrx_word' id='word_1_229' title='bbox 721 3594 915 3673; x_wconf 87' lang='lat' dir='ltr'>declinare</span> <span class='ocrx_word' id='word_1_230' title='bbox 931 3615 1056 3702; x_wconf 84' lang='lat' dir='ltr'>potes.</span> <span class='ocrx_word' id='word_1_231' title='bbox 1089 3590 1290 3673; x_wconf 74' lang='lat' dir='ltr'>Postremi)</span> 
     </span>
     <span class='ocr_line' id='line_1_32' title="bbox 141 3698 1290 3814; baseline -0.002 -29"><span class='ocrx_word' id='word_1_232' title='bbox 141 3698 812 3814; x_wconf 64' lang='lat' dir='ltr'>AltinigenamteAaglamappellas.</span> <span class='ocrx_word' id='word_1_233' title='bbox 835 3705 886 3785; x_wconf 87' lang='lat' dir='ltr'>Id</span> <span class='ocrx_word' id='word_1_234' title='bbox 890 3706 1053 3814; x_wconf 89' lang='lat' dir='ltr'>quidem</span> <span class='ocrx_word' id='word_1_235' title='bbox 1066 3703 1290 3786; x_wconf 66' lang='lat' dir='ltr'>reelislimle:</span> 
     </span>
     <span class='ocr_line' id='line_1_33' title="bbox 142 3816 1293 3926; baseline 0 -29"><span class='ocrx_word' id='word_1_236' title='bbox 142 3819 284 3897; x_wconf 86' lang='lat' dir='ltr'>Aliena</span> <span class='ocrx_word' id='word_1_237' title='bbox 297 3819 405 3895; x_wconf 92' lang='lat' dir='ltr'>enim</span> <span class='ocrx_word' id='word_1_238' title='bbox 418 3817 678 3909; x_wconf 88' lang='lat' dir='ltr'>sentis,aliena</span> <span class='ocrx_word' id='word_1_239' title='bbox 689 3816 1018 3926; x_wconf 91' lang='lat' dir='ltr'>loqueris‚quidni</span> <span class='ocrx_word' id='word_1_240' title='bbox 1030 3817 1293 3925; x_wconf 86' lang='lat' dir='ltr'>alienigenam</span> 
     </span>
     <span class='ocr_line' id='line_1_34' title="bbox 142 3928 1291 4039; baseline -0.001 -31"><span class='ocrx_word' id='word_1_241' title='bbox 142 3948 179 4009; x_wconf 89' lang='lat' dir='ltr'>te</span> <span class='ocrx_word' id='word_1_242' title='bbox 197 3928 378 4036; x_wconf 86' lang='lat' dir='ltr'>Anglum</span> <span class='ocrx_word' id='word_1_243' title='bbox 392 3928 599 4021; x_wconf 79' lang='lat' dir='ltr'>essedicas,</span> <span class='ocrx_word' id='word_1_244' title='bbox 614 3928 722 4008; x_wconf 87' lang='lat' dir='ltr'>idest</span> <span class='ocrx_word' id='word_1_245' title='bbox 738 3928 929 4036; x_wconf 87' lang='lat' dir='ltr'>spurium,</span> <span class='ocrx_word' id='word_1_246' title='bbox 946 3956 1068 4039; x_wconf 89' lang='lat' dir='ltr'>quem</span> <span class='ocrx_word' id='word_1_247' title='bbox 1083 3930 1210 4038; x_wconf 86' lang='lat' dir='ltr'>Angli</span> <span class='ocrx_word' id='word_1_248' title='bbox 1226 3956 1291 4008; x_wconf 88' lang='lat' dir='ltr'>ve·</span> 
     </span>
     <span class='ocr_line' id='line_1_35' title="bbox 141 4039 1292 4151; baseline -0.001 -30"><span class='ocrx_word' id='word_1_249' title='bbox 141 4042 214 4121; x_wconf 92' lang='lat' dir='ltr'>luti</span> <span class='ocrx_word' id='word_1_250' title='bbox 239 4058 548 4151; x_wconf 84' lang='lat' dir='ltr'>purgamentum</span> <span class='ocrx_word' id='word_1_251' title='bbox 572 4040 645 4119; x_wconf 85' lang='lat' dir='ltr'>suae</span> <span class='ocrx_word' id='word_1_252' title='bbox 673 4042 810 4119; x_wconf 85' lang='lat' dir='ltr'>Pattiae</span> <span class='ocrx_word' id='word_1_253' title='bbox 835 4059 953 4149; x_wconf 87' lang='lat' dir='ltr'>atque</span> <span class='ocrx_word' id='word_1_254' title='bbox 977 4041 1185 4151; x_wconf 90' lang='lat' dir='ltr'>piaculum</span> <span class='ocrx_word' id='word_1_255' title='bbox 1207 4039 1292 4144; x_wconf 85' lang='lat' dir='ltr'>jure</span> 
     </span>
     <span class='ocr_line' id='line_1_36' title="bbox 141 4150 848 4264; baseline -0.007 -30"><span class='ocrx_word' id='word_1_256' title='bbox 141 4155 303 4264; x_wconf 89' lang='lat' dir='ltr'>quidem</span> <span class='ocrx_word' id='word_1_257' title='bbox 326 4151 372 4231; x_wconf 91' lang='lat' dir='ltr'>ad</span> <span class='ocrx_word' id='word_1_258' title='bbox 393 4151 586 4230; x_wconf 85' lang='lat' dir='ltr'>Caucasus</span> <span class='ocrx_word' id='word_1_259' title='bbox 606 4150 848 4258; x_wconf 66' lang='lat' dir='ltr'>ablegarunt.</span> 
     </span>
    </p>
   </div>
   <div class='ocr_carea' id='block_1_3' title="bbox 0 0 1448 5204">
    <p class='ocr_par' dir='ltr' id='par_1_5' title="bbox 0 0 1448 5204">
     <span class='ocr_line' id='line_1_37' title="bbox 0 0 1448 5204; baseline 0 0"><span class='ocrx_word' id='word_1_260' title='bbox 0 0 1448 5204; x_wconf 95' lang='lat' dir='ltr'> </span> 
     </span>
    </p>
   </div>
  </div>
 </body>
</html>
