2888 5204
145 162 225 268 256
433 149 523 240 Pro
550 143 736 279 Populo
760 141 1031 276 Anglicano

143 322 300 428 cogitur
319 319 484 399 servire:
506 339 546 399 et
565 319 649 400 suas
669 320 855 428 quasdam
874 320 1099 450 tyrannides
1118 316 1278 424 abjedis·
1319 343 1325 415 ³,

144 433 240 511 fimo
252 459 397 539 curque
408 430 567 512 suorum
580 432 817 513 concedere.
835 433 1040 539 Tyranm
1027 451 1153 539 igitur
1165 430 1281 510 servo-
1320 483 1325 529 ÷

144 571 233 622 rum
249 543 392 638 infimi,
408 542 484 623 suis
499 542 669 624 serviunt
684 546 805 623 etiam
816 543 993 625 servitiis.
1016 542 1283 654 Qamobrem

144 654 247 734 reste
267 652 345 733 hoc
363 682 509 734 nomen
525 655 617 734 vel
607 684 648 734 m
664 656 879 734 minimum
893 683 1096 765 quemque
1111 674 1285 763 tyranno·

144 793 234 845 rum
254 766 448 874 pugilem,
468 766 561 844 vel
550 794 591 844 rn
611 764 718 845 hunc
735 768 856 846 etiam
870 767 1130 847 clamatorem
1151 765 1286 875 poterit

143 878 376 957 convenire:
410 878 480 986 qui
499 879 541 955 in
560 875 635 957 hac
654 877 765 957 causa
786 881 985 986 tyrannica
1003 907 1076 960 cut
1095 898 1181 957 tam
1199 877 1286 957 stre·

144 1016 221 1068 nue
203 988 490 1083 vociferetur,
511 1017 561 1068 ex
581 987 643 1069 bis
662 1017 748 1118 quae
764 990 868 1069 dista
886 989 988 1084 sunt,
1010 1017 1180 1099 quoque
1197 1014 1287 1068 mox

144 1100 338 1194 dicentur,
351 1099 438 1180 satis
454 1100 646 1208 liquebit:
668 1103 729 1180 uti
743 1103 864 1181 etiam
878 1130 950 1183 cut
963 1129 1210 1208 anonymus.
1226 1116 1288 1179 aut

144 1215 252 1292 enim
272 1215 438 1322 turpiter
456 1213 687 1307 conduttus,
707 1213 923 1292 clamorem
949 1211 1056 1294 hunc
1074 1212 1287 1305 suum,re·

143 1324 211 1452 gip
231 1324 423 1431 sanguini,
440 1324 670 1404 Salmafium
685 1323 884 1432 sequutus,
900 1324 1090 1417 vendidit,
1106 1344 1179 1404 aut
1192 1319 1286 1402 insa·

144 1464 219 1514 m1s
231 1437 414 1515 doetrmae
424 1435 660 1515 conscientra
671 1437 835 1545 pallens,
846 1457 914 1516 aut
927 1454 1008 1514 vita
1020 1434 1286 1543 flagitiosusac

142 1548 281 1655 turpis,
300 1549 417 1625 latere
438 1547 464 1625 fi
484 1549 609 1656 cupit,
623 1576 772 1627 mirum
785 1547 953 1627 nonest
974 1566 1043 1626 aut
1055 1546 1223 1627 fortaslis
1236 1540 1285 1625 rti

144 1657 181 1737 se
198 1678 324 1766 parat,
339 1678 383 1738 ut
399 1658 519 1737 ficubi
539 1660 647 1768 spem
667 1659 831 1767 quaestus
850 1659 1074 1739 uberiorem
1090 1658 1285 1749 odoretur,

143 1768 299 1850 desertis
310 1770 546 1879 quandoque
561 1771 741 1878 regibus
730 1790 930 1878 integrum
941 1770 1012 1850 libi
1022 1770 1140 1864 sit,ad
1150 1796 1285 1879 quam-

143 1882 240 1960 libet
268 1884 389 1962 etiam
417 1880 592 1962 futuram
620 1881 908 2011 rempublicam
938 1879 1207 1989 transfugere:
1240 1904 1285 1959 ne

145 2012 238 2073 tunc
261 1993 425 2101 quidem
450 1994 527 2072 fine
552 1994 739 2103 exemplo
763 1996 899 2100 magni
925 1992 981 2072 sui
1002 1993 1196 2087 Salmafii,
1220 1991 1285 2101 qui

143 2105 358 2212 affulgente
378 2106 489 2185 lucro
508 2126 658 2234 captus,
675 2105 724 2185 ab
743 2104 972 2185 orthodoxis
992 2104 1041 2184 ad
1057 2105 1283 2215 Episcopus,

143 2245 165 2294 a
190 2217 445 2355 popularibus
469 2216 518 2296 ad
546 2219 688 2324 regios,
718 2219 839 2297 etiam
862 2217 977 2297 senex
1003 2215 1166 2297 defecit.
1220 2216 1284 2295 Tu

143 2329 266 2434 igitur
289 2326 398 2408 iste
382 2358 404 2407 e
426 2330 629 2435 gurgustio
651 2330 855 2423 clamator,
885 2330 956 2437 qui
984 2329 1030 2408 fis
1055 2356 1137 2408 non
1162 2327 1283 2409 fallis:

146 2438 283 2519 frustra
296 2441 367 2519 trbr
381 2440 451 2519 rsta
463 2441 625 2521 latibula
636 2441 816 2548 quaefistr
833 2438 1284 2531 extraheremihicrede,

143 2579 270 2659 neque
292 2551 470 2631 Plutonis
491 2552 559 2630 ista
579 2553 689 2658 galea
709 2553 855 2632 diutius
875 2571 914 2631 te
934 2571 1064 2659 teget:
1086 2551 1283 2657 dejerabis,

143 2664 249 2771 quod
270 2664 429 2756 vixeris,
450 2692 515 2742 me
532 2683 597 2742 aut
612 2691 760 2743 caecum
780 2691 857 2742 non
877 2663 966 2757 effe,
979 2683 1047 2744 aut
1064 2663 1139 2743 tibi
1155 2663 1282 2744 saltem

143 2803 222 2855 non
242 2777 463 2860 connivere.
507 2777 610 2882 Qis
630 2776 751 2881 igitur
765 2775 824 2868 sit,
839 2776 946 2883 quod
962 2802 1086 2881 genus
1100 2773 1282 2864 hominis,

143 2914 220 2993 qua
234 2886 297 2995 spe
310 2887 514 2979 adductus,
541 2886 683 2994 quibus
696 2886 903 2980 illecebris,
929 2887 1072 2994 quibus
1085 2885 1283 2967 lenociniis

142 2998 341 3092 delinitus,
359 2999 406 3076 ad
423 2996 523 3076 hanc
543 2997 699 3076 causam
718 2998 868 3105 regiam
888 2997 1099 3092 accesserit,
1114 2996 1284 3103 (Milesia

142 3111 448 3218 propemodum,
476 3129 543 3189 aut
563 3110 709 3188 Beiana
731 3109 863 3189 sabula
887 3109 961 3215 est)
989 3110 1017 3188 si
1042 3128 1157 3190 vacat
1183 3134 1280 3189 nunc

141 3222 287 3300 audite.

198 3334 267 3412 Est
288 3335 425 3412 Morus
437 3333 615 3440 quidam,
633 3332 777 3440 partim
793 3335 947 3426 Scotus,
968 3332 1113 3441 partim
1130 3332 1280 3414 Gallus:

140 3471 189 3521 ne
210 3464 290 3523 tota
305 3442 478 3523 hominis
494 3442 671 3537 infamia,
688 3471 783 3551 gens
798 3472 890 3538 una,
910 3462 978 3525 aut
992 3443 1104 3551 regio
1116 3444 1282 3524 nimium
1323 3466 1325 3545 ι

142 3553 357 3634 laboraret:
389 3554 511 3634 homo
534 3555 753 3665 improbus,
785 3575 825 3635 et
850 3584 945 3635 cum
972 3554 1158 3649 aliorum,
1187 3575 1281 3645 tum,

141 3665 248 3773 quod
283 3668 550 3772 gravissimum
581 3667 651 3760 est,
674 3668 909 3761 amicorum,
934 3694 1034 3776 quos
1058 3694 1111 3746 ex
1140 3665 1283 3747 intimis

142 3777 427 3857 inimicissimos
458 3778 528 3857 fibi
560 3776 668 3870 fecit,
699 3778 931 3859 testimoniis
956 3805 1076 3906 quam
1105 3777 1283 3887 plurimis

141 3885 299 3980 infidus,
314 3889 523 3967 mendax
488 3910 701 3995 „rngratus
712 3891 941 3985 maledicus,
956 3909 995 3968 et
1006 3917 1186 3970 virorum
1199 3917 1283 4016 per·

143 4018 284 4107 petuus
303 3999 537 4078 obtrectator
556 4019 596 4079 et
615 3999 883 4096 foeminarum,
899 4028 1068 4108 quarum
1083 4028 1159 4081 nec
1173 4000 1283 4111 pudi-

140 4113 241 4191 citiae
248 4112 343 4239 plus
359 4139 532 4239 unquam
546 4139 718 4220 parcere,
731 4141 853 4221 quam
864 4111 978 4192 samae
989 4111 1205 4196 consuevit.
1234 4113 1281 4203 Is.

141 4242 185 4302 ut
196 4225 333 4332 primae
344 4226 462 4305 atatis
474 4223 694 4303 obscuriora
708 4244 949 4331 praeteream,
963 4221 1143 4333 primirm
1153 4225 1281 4305 Gene-

142 4363 197 4418 vae
213 4336 367 4417 Graecas
388 4335 517 4416 literas
532 4334 691 4433 docuit;
713 4364 867 4433 verum,
880 4336 1015 4448 saepius
1032 4335 1127 4418 licet
1141 4363 1282 4420 nomen
