2888 5204
143 186 221 265 340
389 141 613 239 Authoris
638 177 723 275 pro
746 141 790 239 se
816 135 1047 238 Defensro

260 431 324 509 Ex
342 427 463 533 literis
482 432 639 524 Durat,
660 432 795 538 Haga,
814 428 948 539 April.
965 438 1037 524 ζ-ἓ.
1064 429 1185 536 1654,

205 581 327 694 Qod
355 583 404 660 ad
429 581 653 691 responsum
673 580 839 662 Miltoni
859 581 909 660 ad
935 609 1035 661 eum
1053 579 1217 672 librum,
1229 580 1283 659 cui
1338 620 1340 631 Α

149 690 286 775 titulus
303 694 423 801 Regii
442 692 637 801 sanguinis
655 695 827 774 clamor:
859 694 1067 801 Equidem
1081 690 1285 771 {Ministro

148 806 323 914 quodam
343 805 670 915 Midelburgenfi‚
690 807 760 914 qui
784 806 896 885 Mori
927 803 1208 913 perfamiliaris
1228 802 1287 895 ert,

149 919 293 997 certior
323 916 409 996 sum
435 916 572 1012 fastus,
593 919 761 997 Momm
785 944 866 997 non
885 917 960 997 effe
978 916 1091 997 illius
1117 916 1210 996 libri
1230 943 1288 994 au·

151 1027 323 1122 thorem,
350 1028 412 1108 sed
444 1029 677 1109 Ministrum
705 1031 902 1137 quendam
931 1028 1162 1122 Gallicum,
1186 1052 1288 1136 quem

152 1142 295 1222 Morus
315 1139 383 1221 sub
398 1141 622 1222 conditione
642 1140 782 1220 silentii
799 1142 931 1221 eidem
949 1141 1192 1222 nominavit.

247 1392 303 1470 Et
321 1419 367 1469 ex
385 1388 517 1469 alteris
535 1387 820 1499 Amsterodamo,
840 1388 972 1497 April.
990 1398 1059 1484 ff.
1089 1388 1212 1495 1654.

213 1552 322 1630 Cum
350 1551 405 1631 D.
436 1553 590 1633 Ottono
616 1553 866 1661 colloquutus
892 1550 1002 1645 sum3
1042 1548 1116 1631 hic
1146 1551 1291 1660 quidem

156 1660 344 1742 acerrime
361 1664 512 1770 Regius
533 1664 601 1757 est,
617 1685 656 1744 et
670 1665 792 1744 Moro
812 1691 1001 1774 perquam
1022 1664 1218 1758 intimus;
1243 1663 1291 1740 id·

156 1801 234 1882 que
250 1772 351 1853 mihi
367 1775 484 1871 dixit,
500 1776 608 1884 quod
622 1775 883 1885 superioribus
901 1775 1023 1854 literis
1035 1775 1086 1855 ad
1108 1794 1151 1855 te
1167 1772 1294 1883 scripsi,

157 1886 326 1966 Morum
346 1914 425 1965 non
444 1887 519 1967 esse
541 1888 722 1968 Clamoris
740 1888 854 1995 Regii
853 1885 1057 1994 sanguinis
1074 1885 1291 1967 authorem.

215 2000 280 2078 Ex
309 1998 453 2107 quibus
487 1997 564 2079 hoc
599 2001 640 2078 in
674 2000 811 2109 primis
846 2026 963 2078 nemo
992 2025 1073 2077 non
1103 1998 1296 2106 intelligit,

161 2111 330 2204 Ottono,
350 2128 395 2190 ut
420 2110 491 2219 qui
517 2110 691 2220 partibus
711 2111 849 2218 Regiis
872 2109 1173 2205 addistiffimus,
1201 2108 1301 2190 nobis

159 2221 462 2317 inimicissimus,
482 2224 603 2302 Moro
629 2218 822 2302 lsecretis
846 2222 905 2314 fit,
925 2249 973 2299 ne
997 2221 1025 2300 fi
1053 2219 1123 2300 sua
1147 2222 1301 2331 quidem

158 2331 234 2413 fide
249 2335 465 2442 quicquam
477 2333 627 2429 afferat,
642 2334 881 2415 credendum
899 2332 986 2412 esse.
1027 2333 1161 2413 Nunc
1178 2354 1303 2413 autem

156 2441 252 2524 clun
283 2444 415 2554 aperto
446 2443 613 2526 fateatur
639 2448 828 2541 Ottonus,
854 2444 1044 2553 quicquid
1076 2443 1157 2525 hac
1188 2446 1239 2524 de
1267 2472 1303 2524 re

158 2554 265 2649 sciat,
286 2556 352 2636 abs
374 2579 411 2638 te
432 2555 606 2652 hausisse,
628 2557 694 2636 tul
717 2557 795 2638 soll
821 2555 1056 2637 authoritate
1079 2558 1174 2650 niti,
1194 2576 1304 2636 tuum

158 2664 236 2746 hoc
262 2669 367 2776 apud
394 2668 430 2747 se
457 2669 677 2778 depofitum
701 2697 886 2749 arcanum
909 2667 999 2761 esse,
1026 2695 1106 2746 non
1131 2666 1212 2749 hoc
1233 2671 1305 2748 Or·

159 2781 242 2858 toni
273 2779 555 2874 testimonium,
587 2781 650 2860 sed
681 2800 747 2860 tua
777 2779 905 2861 adhuc
935 2777 1012 2858 sola
1038 2783 1202 2886 negatio
1228 2781 1305 2860 est:

159 2890 287 2970 immo
307 2890 399 2970 verb
430 2890 561 3000 potiits
592 2910 658 2972 tua
687 2893 788 2973 clara
814 2891 999 2973 conseffio
1026 2892 1196 2971 dicenda
1221 2892 1306 2985 erit.

159 3003 264 3083 illius
286 3022 323 3082 te
351 3003 476 3082 libelli
494 3005 557 3083 vel
583 3007 848 3113 componendi
868 3004 931 3082 vel
958 3005 1200 3111 procurandi
1217 3032 1306 3084 cum

160 3115 396 3224 pauciffimis
412 3115 485 3194 esse
499 3115 697 3195 conscium
715 3148 725 3210 ;
757 3118 784 3197 fi
804 3145 882 3196 non
901 3113 1124 3209 authorem,
1146 3136 1190 3196 at
1206 3114 1307 3196 certi

157 3226 307 3307 socium
328 3248 368 3307 er
385 3227 686 3321 administrum
717 3230 780 3308 vel
808 3229 874 3309 tud
900 3228 1018 3336 operd
1038 3227 1100 3306 vel
1122 3246 1196 3307 tuo
1214 3256 1306 3309 con·

160 3339 243 3418 filio
275 3338 422 3418 librum
447 3339 562 3419 illum
586 3338 698 3419 fuisse
730 3341 893 3422 editum.
954 3338 1075 3450 Qod
1101 3339 1130 3418 fi
1156 3341 1213 3419 ita
1241 3340 1306 3432 est,

157 3469 203 3530 ut
228 3450 283 3529 est
315 3449 402 3530 sane
429 3479 500 3560 per
531 3471 646 3532 tuum
675 3453 827 3547 testem,
856 3480 906 3532 ex
941 3452 1219 3559 tuometipsius
1244 3478 1305 3532 ore

157 3561 502 3656 verifimillimum,
519 3565 703 3670 equidem
723 3563 827 3645 haud
848 3583 999 3656 metuo,
1014 3590 1061 3641 ne
1078 3584 1116 3642 te
1131 3562 1234 3645 falso
1249 3566 1305 3644 in-

157 3671 346 3752 fimulasse
367 3672 488 3768 dicat,
510 3675 536 3754 fi
556 3678 618 3754 vel
639 3675 846 3756 authorem
871 3675 1002 3784 ipsum
1029 3674 1304 3755 affirmaverim

157 3801 211 3876 te,
239 3785 301 3863 vel
332 3785 473 3864 eodem
503 3814 670 3867 numero
703 3785 921 3868 habuerim.
981 3786 1083 3895 Qis
1116 3813 1200 3867 non
1227 3786 1305 3892 jam

157 3893 272 4004 plane
293 3894 514 4005 perspiciat,
535 3896 655 4005 quam
676 3897 831 4009 penitirs
856 3927 908 3979 ex
928 3897 1011 3977 finu
1033 3916 1103 3976 tuo
1120 3897 1225 3979 liber
1242 3899 1305 3980 iste

157 4006 374 4115 prodierit?
403 4005 522 4115 quim
543 4037 621 4089 non
649 4011 697 4091 de
725 4011 851 4092 nihilo
878 4009 1185 4091 constantislima
1205 4011 1253 4090 de
1273 4029 1305 4089 te

156 4119 227 4198 ista
247 4116 352 4199 sama
372 4119 610 4201 invaluerit?
638 4120 777 4203 veriam
794 4123 921 4203 adhuc
941 4122 1082 4204 clarius
1102 4118 1186 4202 hoc
1205 4123 1305 4203 idem

156 4230 286 4311 statim
305 4231 521 4341 perspicere
541 4233 665 4313 cuivis
685 4234 832 4315 licebit
890 4236 983 4339 Jam
1003 4234 1114 4313 enim
1141 4230 1166 4314 a
1191 4232 1304 4327 sama,

153 4343 260 4451 quod
279 4344 532 4452 postmodum
548 4347 766 4456 apparebit,
785 4344 952 4427 minime
972 4343 1119 4441 fallaci,
1137 4375 1189 4428 ne
1205 4348 1305 4427 vocis
