2888 5204
398 569 641 674 Defensio.
678 579 800 711 Cap.
826 612 876 701 4.
912 591 916 597 ’
1162 622 1210 703 91

60 750 280 847 studentes,
299 750 396 833 alios
415 751 638 863 praefidibus
657 751 739 859 ejus
754 756 839 833 vim
859 771 899 834 et
918 753 1080 835 vulnera
1095 754 1218 837 inser·

59 884 185 957 entes,
198 865 562 975 alips,episcopatus
574 866 869 976 competitores,
881 866 1065 947 civilibus
1076 868 1217 977 praeliis

60 978 166 1058 inter
179 975 216 1057 se
229 977 486 1073 dimicantes,
503 976 651 1059 scilicet
666 977 715 1058 de
732 977 971 1089 Episcopatu
987 977 1218 1062 christianos

60 1116 157 1169 cum
170 1086 405 1184 christianis,
420 1090 527 1169 cives
540 1117 635 1170 cum
650 1090 803 1170 civibus
822 1090 1034 1198 confligere
1047 1091 1104 1172 sas
1121 1112 1216 1188 erat,

60 1201 110 1282 de
125 1201 321 1297 libertate,
340 1202 389 1281 de
407 1200 539 1282 liberis
552 1219 594 1282 et
607 1201 856 1310 conjugibus,
874 1203 922 1282 de
939 1204 1032 1298 vita,
1045 1232 1139 1284 cum
1156 1223 1218 1314 ty-

61 1312 328 1408 ranno,nesas.
361 1318 499 1426 Qm
511 1342 590 1394 non
602 1317 792 1424 poeniteat
802 1315 1025 1420 hujusmodi
1037 1319 1217 1426 patrum?

59 1425 335 1533 Augustinum
362 1427 516 1506 inducis
542 1425 585 1506 de
603 1425 784 1536 potestate
802 1424 937 1507 damini
951 1427 990 1508 in
1002 1427 1153 1532 servos,
1180 1446 1218 1509 et

60 1539 163 1647 regis
173 1539 212 1618 in
211 1535 382 1644 strbditos
395 1539 505 1619 idem
516 1540 857 1647 pronuntiantem;
880 1538 1094 1648 respondeo
1108 1540 1217 1620 istafi

61 1651 168 1732 dicat
180 1651 442 1759 Augustinus,
456 1678 503 1731 ea
514 1650 644 1730 dicere
656 1677 743 1758 quae
754 1678 882 1759 neque
897 1650 1075 1732 Christus
1088 1680 1217 1759 neque

60 1763 144 1868 ejus
165 1763 350 1873 Apostoli
368 1789 544 1871 unquam
571 1764 757 1843 dixerunt
769 1793 780 1854 ;
811 1791 1063 1843 cumeorum
1085 1783 1217 1844 tamen

62 1875 139 1956 sola
159 1873 396 1956 authoritate
416 1902 501 1955 rem
522 1874 671 1982 alioqui
691 1874 926 1984 apertissimd
946 1872 1082 1956 salsam
1102 1904 1217 1957 com-

61 1988 251 2068 mendare
263 1985 456 2067 videatur.
517 1992 619 2099 Qae
634 1985 836 2096 supersunt
850 1986 966 2092 hujus
981 1988 1119 2099 capitis
1140 2007 1216 2069 tres
1345 2045 1350 2051 -

61 2099 123 2180 vel
136 2117 309 2209 quatuor
321 2099 486 2209 paginae,
502 2118 571 2180 aut
583 2126 691 2179 mera
708 2098 782 2178 esse
802 2099 1018 2193 mendacia,
1035 2120 1102 2180 aut
1117 2102 1217 2181 osci-

62 2213 231 2293 tationes
256 2211 473 2291 identidem
496 2239 538 2291 re
568 2213 695 2304 etitas,
715 2238 766 2290 ex
790 2211 837 2290 iis
856 2239 943 2320 quae
965 2207 987 2290 ὲ
1010 2210 1125 2291 nobis
1153 2241 1216 2292 re·

63 2323 198 2434 sponh
211 2322 297 2429 jam
313 2322 414 2418 sunt,
436 2351 506 2433 per
526 2240 746 2432 AEquisque
762 2321 1043 2432 deprehendet.
1105 2324 1217 2404 Nam

61 2436 110 2516 ad
126 2437 278 2545 Papam
294 2435 402 2543 quod
414 2437 568 2530 attinet,
582 2437 624 2514 in
634 2463 757 2544 quem
771 2435 898 2515 multa
912 2435 1031 2540 gratis
1045 2462 1216 2544 peroras,

63 2546 180 2630 facile
199 2566 240 2628 te
258 2548 386 2658 patior
404 2547 453 2627 ad
477 2549 604 2628 ravim
624 2546 752 2656 usque·
764 2546 1031 2626 declamitare.
1093 2548 1216 2656 Qud

63 2680 198 2741 tamen
213 2659 263 2739 ad
276 2659 486 2769 captandos
507 2687 640 2739 rerum
659 2660 863 2769 imperitos
881 2678 962 2739 tam
980 2656 1134 2770 prolixe
1149 2659 1217 2740 ad-

62 2772 192 2868 struis,
212 2770 362 2879 regibus
370 2771 461 2877 stve
472 2769 588 2879 justis
595 2772 685 2878 stve
702 2772 874 2882 tyrannis
882 2769 1092 2879 subjea‘sum
1099 2771 1176 2879 fui
1199 2802 1218 2852 e

61 2914 200 2965 omnem
223 2883 476 2992 chrssr‘anum,
500 2883 610 2964 donec
627 2883 786 2994 potestas
815 2886 936 2992 Papae
959 2884 1083 2990 regali
1100 2913 1220 2990 major

61 2995 215 3106 agnosci
225 3013 345 3106 capta
358 2994 420 3103 est,
436 2993 1112 3102 etsubjeslossacramentofidelitatis
1126 2994 1217 3080 libe.-

62 3109 188 3203 ravr't,
202 3107 244 3187 id
256 3108 330 3189 esse
343 3105 585 3187 falfiffimum
598 3107 780 3218 plurimis
796 3107 990 3216 exemplis
1002 3126 1039 3187 et
1052 3107 1224 3217 usquead

61 3219 374 3331 Augustinum,et
388 3219 493 3328 insra
507 3217 585 3324 ejas
596 3236 745 3300 aetatenr
760 3220 920 3329 prolatis
935 3219 1217 3300 demonstravi-

63 3361 169 3414 mus.
200 3332 277 3412 Sed
288 3359 416 3440 neque
428 3330 529 3411 illud
541 3331 649 3440 quod
662 3330 859 3441 postremo
871 3331 969 3411 dicis
985 3333 1218 3413 Zachariam

56 3444 269 3557 pontificem
290 3444 418 3524 Gallos
424 3441 849 3551 juramentafidelitatis
867 3441 1066 3553 absolvrffe,
1088 3443 1217 3524 multo

63 3558 194 3638 verius
206 3554 281 3635 esse
292 3556 460 3635 videtur.
507 3556 643 3662 Negat
657 3555 883 3635 Franciscus
897 3557 1165 3648 Hotomanus,
1178 3575 1218 3635 et

64 3669 223 3763 Gallus,
240 3665 596 3773 etjurisconsultus,
610 3685 650 3745 et
661 3668 721 3747 vir
736 3667 965 3747 dictissrmus
986 3667 1026 3744 in
1043 3667 1076 3745 F
1078 3693 1217 3746 ranco-

63 3781 186 3891 gallia
199 3778 270 3859 'sua
288 3797 369 3889 cap.
389 3805 453 3886 13.
474 3778 699 3859 abdicatum
718 3778 954 3860 authoritate
970 3779 1084 3887 Papae
1100 3776 1217 3860 Chil-

63 3894 261 4005 pericum,
274 3910 342 3972 aut
358 3917 527 3998 regnum
541 3891 684 4000 Pipino
701 3891 900 3986 delatum;
932 3888 995 3970 sed
1014 3892 1056 3968 in
1073 3918 1218 4000 magno

64 4006 194 4115 gentis
207 4004 378 4084 concilio
390 4031 462 4113 pro
480 4002 546 4082 sua
561 4002 722 4113 pristina
736 4000 971 4083 authoritate
985 4003 1218 4084 transattum

64 4117 363 4199 fuiffeidomne
376 4116 598 4224 negotium,
611 4142 661 4195 ex
674 4114 876 4195 annalibus
890 4116 1135 4195 Francorum
1149 4145 1218 4196 ve-

65 4229 281 4312 tustiffimis
296 4227 446 4339 probat.
506 4227 613 4308 Solvi
628 4227 768 4307 deinde
785 4227 853 4307 illo
867 4225 1105 4308 sacramento
1118 4229 1218 4309 Gal-

66 4344 124 4425 los
142 4342 310 4424 omnino
325 4368 424 4449 opus
443 4339 569 4435 fuisse,
591 4359 735 4447 negant
753 4339 834 4448 ipsa
849 4339 1058 4418 Gallorum
1075 4369 1217 4421 monu-

64 4475 217 4549 menta,
229 4472 347 4560 negat
359 4451 439 4563 ipse
453 4454 559 4563 Papa
572 4451 794 4532 Zacharias.
821 4451 1097 4532 Monumentis
1110 4456 1219 4532 enim

64 4570 315 4650 Francorum
331 4565 510 4659 traditur,
532 4563 625 4644 teste
647 4591 724 4644 non
744 4561 871 4643 solum
886 4565 1134 4657 Hotomano,
1155 4563 1218 4643 sed

64 4677 239 4762 Girardo
258 4675 510 4758 historiarum
530 4676 636 4756 illius
656 4677 783 4784 gentis
799 4675 997 4757 notiffimo
1016 4676 1218 4783 scriptore,

62 4791 264 4876 vetercsF
265 4816 401 4872 raneos
414 4808 458 4871 ut
468 4788 657 4897 eligendi,
670 4789 723 4870 src
733 4786 954 4882 abdicandi,
968 4787 1219 4882 fivideretur,
