<?xml version="1.0" encoding="UTF-8"?>
<!DOCTYPE html PUBLIC "-//W3C//DTD XHTML 1.0 Transitional//EN"
    "http://www.w3.org/TR/xhtml1/DTD/xhtml1-transitional.dtd">
<html xmlns="http://www.w3.org/1999/xhtml" xml:lang="en" lang="en">
 <head>
  <title>
</title>
<meta http-equiv="Content-Type" content="text/html;charset=utf-8" />
  <meta name='ocr-system' content='tesseract 3.04.00' />
  <meta name='ocr-capabilities' content='ocr_page ocr_carea ocr_par ocr_line ocrx_word'/>
</head>
<body>
  <div class='ocr_page' id='page_1' title='image "./worksjohnmilton07miltgoog_0184.png"; bbox 0 0 2888 5204; ppageno 0'>
   <div class='ocr_carea' id='block_1_1' title="bbox 466 541 1299 684">
    <p class='ocr_par' dir='ltr' id='par_1_1' title="bbox 466 541 1299 684">
     <span class='ocr_line' id='line_1_1' title="bbox 466 541 1299 684; baseline 0.001 -39"><span class='ocrx_word' id='word_1_1' title='bbox 466 541 709 646; x_wconf 81' lang='lat' dir='ltr'><strong>Defensio.</strong></span> <span class='ocrx_word' id='word_1_2' title='bbox 748 550 868 684; x_wconf 83' lang='lat' dir='ltr'><strong>Cap.</strong></span> <span class='ocrx_word' id='word_1_3' title='bbox 900 584 978 648; x_wconf 92' lang='lat'><strong>10.</strong></span> <span class='ocrx_word' id='word_1_4' title='bbox 1223 567 1299 673; x_wconf 86' lang='lat'><strong>167</strong></span> 
     </span>
    </p>
   </div>
   <div class='ocr_carea' id='block_1_2' title="bbox 137 723 1298 4930">
    <p class='ocr_par' dir='ltr' id='par_1_2' title="bbox 137 723 1298 1059">
     <span class='ocr_line' id='line_1_2' title="bbox 142 723 1298 835; baseline 0.006 -33"><span class='ocrx_word' id='word_1_5' title='bbox 142 751 261 804; x_wconf 90' lang='lat' dir='ltr'><strong>mum</strong></span> <span class='ocrx_word' id='word_1_6' title='bbox 272 751 324 805; x_wconf 84' lang='lat' dir='ltr'><strong>ex</strong></span> <span class='ocrx_word' id='word_1_7' title='bbox 335 723 475 805; x_wconf 79' lang='lat' dir='ltr'><strong>nostris</strong></span> <span class='ocrx_word' id='word_1_8' title='bbox 485 724 647 806; x_wconf 87' lang='lat' dir='ltr'><strong>dtffidus</strong></span> <span class='ocrx_word' id='word_1_9' title='bbox 659 723 833 805; x_wconf 72' lang='lat' dir='ltr'><strong>studium</strong></span> <span class='ocrx_word' id='word_1_10' title='bbox 844 752 1015 835; x_wconf 79' lang='lat' dir='ltr'><strong>capiens</strong></span> <span class='ocrx_word' id='word_1_11' title='bbox 1026 727 1074 807; x_wconf 95' lang='lat' dir='ltr'><strong>de</strong></span> <span class='ocrx_word' id='word_1_12' title='bbox 1085 726 1298 809; x_wconf 75' lang='lat' dir='ltr'><strong>victorrbus</strong></span> 
     </span>
     <span class='ocr_line' id='line_1_3' title="bbox 137 835 1297 950; baseline 0.003 -34"><span class='ocrx_word' id='word_1_13' title='bbox 137 837 267 916; x_wconf 86' lang='lat' dir='ltr'><strong>etiam</strong></span> <span class='ocrx_word' id='word_1_14' title='bbox 279 837 354 917; x_wconf 89' lang='lat' dir='ltr'><strong>suis</strong></span> <span class='ocrx_word' id='word_1_15' title='bbox 368 837 567 919; x_wconf 89' lang='lat' dir='ltr'><strong>restitutus</strong></span> <span class='ocrx_word' id='word_1_16' title='bbox 582 835 703 918; x_wconf 89' lang='lat' dir='ltr'><strong>hostis</strong></span> <span class='ocrx_word' id='word_1_17' title='bbox 719 837 949 947; x_wconf 89' lang='lat' dir='ltr'><strong>inspiratum</strong></span> <span class='ocrx_word' id='word_1_18' title='bbox 962 838 1032 918; x_wconf 90' lang='lat' dir='ltr'><strong>fibi</strong></span> <span class='ocrx_word' id='word_1_19' title='bbox 1045 837 1297 950; x_wconf 90' lang='lat' dir='ltr'><strong>triumphum</strong></span> 
     </span>
     <span class='ocr_line' id='line_1_4' title="bbox 143 948 1298 1059; baseline 0.004 -31"><span class='ocrx_word' id='word_1_20' title='bbox 143 968 294 1057; x_wconf 89' lang='lat' dir='ltr'><strong>ageret,</strong></span> <span class='ocrx_word' id='word_1_21' title='bbox 310 950 540 1044; x_wconf 90' lang='lat' dir='ltr'><strong>decernunt,</strong></span> <span class='ocrx_word' id='word_1_22' title='bbox 554 948 591 1029; x_wconf 84' lang='lat' dir='ltr'><strong>se</strong></span> <span class='ocrx_word' id='word_1_23' title='bbox 606 950 707 1057; x_wconf 88' lang='lat' dir='ltr'><strong>regis</strong></span> <span class='ocrx_word' id='word_1_24' title='bbox 720 950 903 1059; x_wconf 87' lang='lat' dir='ltr'><strong>deinceps</strong></span> <span class='ocrx_word' id='word_1_25' title='bbox 919 951 1111 1032; x_wconf 84' lang='lat' dir='ltr'><strong>rationem</strong></span> <span class='ocrx_word' id='word_1_26' title='bbox 1130 979 1209 1031; x_wconf 90' lang='lat' dir='ltr'><strong>non</strong></span> <span class='ocrx_word' id='word_1_27' title='bbox 1225 950 1298 1032; x_wconf 88' lang='lat' dir='ltr'><strong>ha·</strong></span> 
     </span>
    </p>

    <p class='ocr_par' dir='ltr' id='par_1_3' title="bbox 143 1060 1296 1171">
     <span class='ocr_line' id='line_1_5' title="bbox 143 1060 1296 1171; baseline 0.004 -30"><span class='ocrx_word' id='word_1_28' title='bbox 143 1060 312 1156; x_wconf 88' lang='lat' dir='ltr'><strong>bituros,</strong></span> <span class='ocrx_word' id='word_1_29' title='bbox 319 1063 447 1142; x_wconf 90' lang='lat' dir='ltr'><strong>nullas</strong></span> <span class='ocrx_word' id='word_1_30' title='bbox 458 1062 495 1141; x_wconf 92' lang='lat' dir='ltr'><strong>se</strong></span> <span class='ocrx_word' id='word_1_31' title='bbox 504 1090 541 1142; x_wconf 87' lang='lat' dir='ltr'><strong>et</strong></span> <span class='ocrx_word' id='word_1_32' title='bbox 530 1061 828 1171; x_wconf 88' lang='lat' dir='ltr'><strong>postulauones</strong></span> <span class='ocrx_word' id='word_1_33' title='bbox 837 1063 1007 1171; x_wconf 83' lang='lat' dir='ltr'><strong>amplius</strong></span> <span class='ocrx_word' id='word_1_34' title='bbox 1017 1063 1091 1144; x_wconf 81' lang='lat' dir='ltr'><strong>esse</strong></span> <span class='ocrx_word' id='word_1_35' title='bbox 1102 1064 1296 1158; x_wconf 80' lang='lat' dir='ltr'><strong>m1ffuros</strong></span> 
     </span>
    </p>

    <p class='ocr_par' dir='ltr' id='par_1_4' title="bbox 143 1171 1298 1395">
     <span class='ocr_line' id='line_1_6' title="bbox 143 1171 1298 1286; baseline 0.003 -33"><span class='ocrx_word' id='word_1_36' title='bbox 143 1193 214 1254; x_wconf 90' lang='lat' dir='ltr'><strong>aut</strong></span> <span class='ocrx_word' id='word_1_37' title='bbox 232 1173 283 1253; x_wconf 94' lang='lat' dir='ltr'><strong>ab</strong></span> <span class='ocrx_word' id='word_1_38' title='bbox 302 1202 351 1254; x_wconf 88' lang='lat' dir='ltr'><strong>eo</strong></span> <span class='ocrx_word' id='word_1_39' title='bbox 369 1192 623 1284; x_wconf 87' lang='lat' dir='ltr'><strong>accepturos:</strong></span> <span class='ocrx_word' id='word_1_40' title='bbox 644 1173 732 1283; x_wconf 94' lang='lat' dir='ltr'><strong>post</strong></span> <span class='ocrx_word' id='word_1_41' title='bbox 744 1171 826 1254; x_wconf 85' lang='lat' dir='ltr'><strong>haec</strong></span> <span class='ocrx_word' id='word_1_42' title='bbox 840 1194 972 1254; x_wconf 90' lang='lat' dir='ltr'><strong>tamen</strong></span> <span class='ocrx_word' id='word_1_43' title='bbox 984 1174 1140 1256; x_wconf 89' lang='lat' dir='ltr'><strong>decreta</strong></span> <span class='ocrx_word' id='word_1_44' title='bbox 1154 1179 1298 1286; x_wconf 89' lang='lat' dir='ltr'><strong>reperti</strong></span> 
     </span>
     <span class='ocr_line' id='line_1_7' title="bbox 143 1285 1297 1395; baseline 0.004 -30"><span class='ocrx_word' id='word_1_45' title='bbox 143 1286 234 1366; x_wconf 89' lang='lat' dir='ltr'><strong>sunt</strong></span> <span class='ocrx_word' id='word_1_46' title='bbox 253 1314 305 1366; x_wconf 83' lang='lat' dir='ltr'><strong>ex</strong></span> <span class='ocrx_word' id='word_1_47' title='bbox 327 1285 410 1395; x_wconf 90' lang='lat' dir='ltr'><strong>ipso</strong></span> <span class='ocrx_word' id='word_1_48' title='bbox 432 1287 635 1367; x_wconf 92' lang='lat' dir='ltr'><strong>Ordinum</strong></span> <span class='ocrx_word' id='word_1_49' title='bbox 659 1313 840 1380; x_wconf 90' lang='lat' dir='ltr'><strong>numero,</strong></span> <span class='ocrx_word' id='word_1_50' title='bbox 864 1289 935 1395; x_wconf 90' lang='lat' dir='ltr'><strong>qui</strong></span> <span class='ocrx_word' id='word_1_51' title='bbox 958 1288 1199 1368; x_wconf 71' lang='lat' dir='ltr'><strong>invisiiffimi</strong></span> <span class='ocrx_word' id='word_1_52' title='bbox 1224 1318 1297 1369; x_wconf 86' lang='lat' dir='ltr'><strong>ex·</strong></span> 
     </span>
    </p>

    <p class='ocr_par' dir='ltr' id='par_1_5' title="bbox 144 1398 1295 1528">
     <span class='ocr_line' id='line_1_8' title="bbox 144 1398 1295 1528; baseline 0.004 -51"><span class='ocrx_word' id='word_1_53' title='bbox 144 1399 291 1479; x_wconf 87' lang='lat' dir='ltr'><strong>ercitus</strong></span> <span class='ocrx_word' id='word_1_54' title='bbox 311 1398 418 1491; x_wconf 91' lang='lat' dir='ltr'><strong>odio,</strong></span> <span class='ocrx_word' id='word_1_55' title='bbox 443 1398 554 1528; x_wconf 85' lang='lat' dir='ltr'><strong>cujus</strong></span> <span class='ocrx_word' id='word_1_56' title='bbox 574 1399 759 1479; x_wconf 86' lang='lat' dir='ltr'><strong>maximis</strong></span> <span class='ocrx_word' id='word_1_57' title='bbox 780 1398 894 1479; x_wconf 90' lang='lat' dir='ltr'><strong>rebus</strong></span> <span class='ocrx_word' id='word_1_58' title='bbox 913 1401 1029 1507; x_wconf 86' lang='lat' dir='ltr'><strong>gestis</strong></span> <span class='ocrx_word' id='word_1_59' title='bbox 1053 1400 1295 1495; x_wconf 86' lang='lat' dir='ltr'>invidebant,</span> 
     </span>
    </p>

    <p class='ocr_par' dir='ltr' id='par_1_6' title="bbox 143 1509 1293 1640">
     <span class='ocr_line' id='line_1_9' title="bbox 143 1509 1293 1640; baseline 0.003 -50"><span class='ocrx_word' id='word_1_60' title='bbox 143 1538 348 1640; x_wconf 85' lang='lat' dir='ltr'>quemque</span> <span class='ocrx_word' id='word_1_61' title='bbox 367 1511 490 1620; x_wconf 92' lang='lat' dir='ltr'><strong>post</strong></span> <span class='ocrx_word' id='word_1_62' title='bbox 478 1512 655 1619; x_wconf 80' lang='lat' dir='ltr'><strong>ingentia</strong></span> <span class='ocrx_word' id='word_1_63' title='bbox 673 1509 828 1605; x_wconf 88' lang='lat' dir='ltr'><strong>merita,</strong></span> <span class='ocrx_word' id='word_1_64' title='bbox 851 1512 1051 1592; x_wconf 84' lang='lat' dir='ltr'><strong>dimittere</strong></span> <span class='ocrx_word' id='word_1_65' title='bbox 1070 1540 1164 1592; x_wconf 86' lang='lat' dir='ltr'><strong>curn</strong></span> <span class='ocrx_word' id='word_1_66' title='bbox 1181 1515 1293 1621; x_wconf 87' lang='lat' dir='ltr'><strong>igno</strong></span> 
     </span>
    </p>

    <p class='ocr_par' dir='ltr' id='par_1_7' title="bbox 143 1622 1297 2855">
     <span class='ocr_line' id='line_1_10' title="bbox 144 1622 1296 1734; baseline 0.003 -31"><span class='ocrx_word' id='word_1_67' title='bbox 144 1651 272 1703; x_wconf 82' lang='lat' dir='ltr'><strong>mima</strong></span> <span class='ocrx_word' id='word_1_68' title='bbox 284 1623 511 1734; x_wconf 80' lang='lat' dir='ltr'><strong>cupiebant</strong></span> <span class='ocrx_word' id='word_1_69' title='bbox 525 1642 564 1703; x_wconf 93' lang='lat' dir='ltr'><strong>et</strong></span> <span class='ocrx_word' id='word_1_70' title='bbox 579 1623 765 1703; x_wconf 88' lang='lat' dir='ltr'><strong>m1n1str1s</strong></span> <span class='ocrx_word' id='word_1_71' title='bbox 778 1623 928 1730; x_wconf 83' lang='lat' dir='ltr'><strong>aliquot</strong></span> <span class='ocrx_word' id='word_1_72' title='bbox 939 1622 1122 1704; x_wconf 85' lang='lat' dir='ltr'><strong>sedrtrofis</strong></span> <span class='ocrx_word' id='word_1_73' title='bbox 1125 1625 1296 1733; x_wconf 91' lang='lat' dir='ltr'><strong>,quibus</strong></span> 
     </span>
     <span class='ocr_line' id='line_1_11' title="bbox 144 1733 1295 1874; baseline 0.002 -59"><span class='ocrx_word' id='word_1_74' title='bbox 144 1733 286 1816; x_wconf 74' lang='lat' dir='ltr'><strong>misere</strong></span> <span class='ocrx_word' id='word_1_75' title='bbox 301 1736 530 1830; x_wconf 84' lang='lat' dir='ltr'><strong>serviebant,</strong></span> <span class='ocrx_word' id='word_1_76' title='bbox 550 1762 705 1815; x_wconf 90' lang='lat' dir='ltr'><strong>morem</strong></span> <span class='ocrx_word' id='word_1_77' title='bbox 724 1754 917 1842; x_wconf 84' lang='lat' dir='ltr'><strong>gerentes,</strong></span> <span class='ocrx_word' id='word_1_78' title='bbox 905 1755 1204 1874; x_wconf 89' lang='lat' dir='ltr'><strong>,opportunum</strong></span> <span class='ocrx_word' id='word_1_79' title='bbox 1225 1737 1295 1817; x_wconf 86' lang='lat' dir='ltr'><strong>fibi</strong></span> 
     </span>
     <span class='ocr_line' id='line_1_12' title="bbox 146 1846 1296 1956; baseline 0.004 -30"><span class='ocrx_word' id='word_1_80' title='bbox 146 1867 306 1954; x_wconf 90' lang='lat' dir='ltr'><strong>tempus</strong></span> <span class='ocrx_word' id='word_1_81' title='bbox 320 1848 439 1941; x_wconf 69' lang='lat' dir='ltr'><strong>nesii,</strong></span> <span class='ocrx_word' id='word_1_82' title='bbox 455 1875 550 1928; x_wconf 91' lang='lat' dir='ltr'><strong>cum</strong></span> <span class='ocrx_word' id='word_1_83' title='bbox 565 1874 704 1927; x_wconf 89' lang='lat' dir='ltr'><strong>eorum</strong></span> <span class='ocrx_word' id='word_1_84' title='bbox 723 1847 856 1942; x_wconf 89' lang='lat' dir='ltr'><strong>multi,</strong></span> <span class='ocrx_word' id='word_1_85' title='bbox 873 1874 971 1955; x_wconf 91' lang='lat' dir='ltr'><strong>quos</strong></span> <span class='ocrx_word' id='word_1_86' title='bbox 991 1876 1012 1926; x_wconf 91' lang='lat' dir='ltr'><strong>a</strong></span> <span class='ocrx_word' id='word_1_87' title='bbox 1031 1846 1068 1927; x_wconf 92' lang='lat' dir='ltr'><strong>se</strong></span> <span class='ocrx_word' id='word_1_88' title='bbox 1084 1847 1201 1956; x_wconf 70' lang='lat' dir='ltr'><strong>longe</strong></span> <span class='ocrx_word' id='word_1_89' title='bbox 1217 1849 1296 1930; x_wconf 92' lang='lat' dir='ltr'><strong>dis-</strong></span> 
     </span>
     <span class='ocr_line' id='line_1_13' title="bbox 145 1957 1297 2070; baseline 0.002 -31"><span class='ocrx_word' id='word_1_90' title='bbox 145 1959 286 2040; x_wconf 89' lang='lat' dir='ltr'><strong>sentire</strong></span> <span class='ocrx_word' id='word_1_91' title='bbox 313 1958 497 2055; x_wconf 86' lang='lat' dir='ltr'><strong>sciebant,</strong></span> <span class='ocrx_word' id='word_1_92' title='bbox 521 1959 569 2039; x_wconf 93' lang='lat' dir='ltr'><strong>ad</strong></span> <span class='ocrx_word' id='word_1_93' title='bbox 596 1959 780 2039; x_wconf 91' lang='lat' dir='ltr'><strong>sedandos</strong></span> <span class='ocrx_word' id='word_1_94' title='bbox 801 1957 1183 2067; x_wconf 79' lang='lat' dir='ltr'><strong>Presbyterianorum</strong></span> <span class='ocrx_word' id='word_1_95' title='bbox 1203 1961 1297 2070; x_wconf 89' lang='lat' dir='ltr'><strong>glis-</strong></span> 
     </span>
     <span class='ocr_line' id='line_1_14' title="bbox 143 2071 1297 2182; baseline 0.005 -32"><span class='ocrx_word' id='word_1_96' title='bbox 143 2092 278 2152; x_wconf 88' lang='lat' dir='ltr'><strong>centes</strong></span> <span class='ocrx_word' id='word_1_97' title='bbox 284 2071 370 2177; x_wconf 89' lang='lat' dir='ltr'><strong>jam</strong></span> <span class='ocrx_word' id='word_1_98' title='bbox 382 2071 590 2166; x_wconf 88' lang='lat' dir='ltr'><strong>tumultus,</strong></span> <span class='ocrx_word' id='word_1_99' title='bbox 599 2072 700 2151; x_wconf 89' lang='lat' dir='ltr'><strong>miffi</strong></span> <span class='ocrx_word' id='word_1_100' title='bbox 715 2071 764 2151; x_wconf 88' lang='lat' dir='ltr'><strong>ab</strong></span> <span class='ocrx_word' id='word_1_101' title='bbox 775 2071 858 2180; x_wconf 91' lang='lat' dir='ltr'><strong>ipso</strong></span> <span class='ocrx_word' id='word_1_102' title='bbox 869 2074 1021 2166; x_wconf 89' lang='lat' dir='ltr'><strong>ordine,</strong></span> <span class='ocrx_word' id='word_1_103' title='bbox 1031 2073 1072 2151; x_wconf 90' lang='lat' dir='ltr'><strong>in</strong></span> <span class='ocrx_word' id='word_1_104' title='bbox 1084 2074 1297 2182; x_wconf 90' lang='lat' dir='ltr'><strong>provinciis</strong></span> 
     </span>
     <span class='ocr_line' id='line_1_15' title="bbox 143 2183 1296 2293; baseline 0.003 -29"><span class='ocrx_word' id='word_1_105' title='bbox 143 2184 331 2277; x_wconf 84' lang='lat' dir='ltr'><strong>abeffent,</strong></span> <span class='ocrx_word' id='word_1_106' title='bbox 353 2183 453 2264; x_wconf 76' lang='lat' dir='ltr'><strong>miri</strong></span> <span class='ocrx_word' id='word_1_107' title='bbox 472 2184 644 2276; x_wconf 91' lang='lat' dir='ltr'><strong>levitate,</strong></span> <span class='ocrx_word' id='word_1_108' title='bbox 656 2211 706 2263; x_wconf 91' lang='lat' dir='ltr'><strong>ne</strong></span> <span class='ocrx_word' id='word_1_109' title='bbox 723 2184 854 2264; x_wconf 91' lang='lat' dir='ltr'><strong>dicam</strong></span> <span class='ocrx_word' id='word_1_110' title='bbox 873 2184 1051 2293; x_wconf 76' lang='lat' dir='ltr'><strong>persidii,</strong></span> <span class='ocrx_word' id='word_1_111' title='bbox 1067 2185 1296 2282; x_wconf 89' lang='lat' dir='ltr'><strong>decernunt,</strong></span> 
     </span>
     <span class='ocr_line' id='line_1_16' title="bbox 145 2293 1296 2404; baseline 0.003 -29"><span class='ocrx_word' id='word_1_112' title='bbox 145 2293 1296 2404; x_wconf 82' lang='lat' dir='ltr'><strong>inveteratumhostem,verbotenusduntaxatregem,nulla</strong></span> 
     </span>
     <span class='ocr_line' id='line_1_17' title="bbox 143 2407 1296 2517; baseline 0.002 -30"><span class='ocrx_word' id='word_1_113' title='bbox 143 2407 249 2517; x_wconf 72' lang='lat' dir='ltr'><strong>pene</strong></span> <span class='ocrx_word' id='word_1_114' title='bbox 271 2408 320 2488; x_wconf 95' lang='lat' dir='ltr'><strong>ab</strong></span> <span class='ocrx_word' id='word_1_115' title='bbox 342 2435 391 2488; x_wconf 89' lang='lat' dir='ltr'><strong>eo</strong></span> <span class='ocrx_word' id='word_1_116' title='bbox 410 2407 668 2489; x_wconf 71' lang='lat' dir='ltr'><strong>satisfadtione</strong></span> <span class='ocrx_word' id='word_1_117' title='bbox 694 2409 801 2516; x_wconf 90' lang='lat' dir='ltr'><strong>prius</strong></span> <span class='ocrx_word' id='word_1_118' title='bbox 825 2428 999 2517; x_wconf 89' lang='lat' dir='ltr'><strong>accepta,</strong></span> <span class='ocrx_word' id='word_1_119' title='bbox 1025 2426 1093 2488; x_wconf 87' lang='lat' dir='ltr'><strong>aut</strong></span> <span class='ocrx_word' id='word_1_120' title='bbox 1115 2411 1296 2489; x_wconf 89' lang='lat' dir='ltr'><strong>cautione</strong></span> 
     </span>
     <span class='ocr_line' id='line_1_18' title="bbox 145 2517 1297 2629; baseline 0.001 -29"><span class='ocrx_word' id='word_1_121' title='bbox 145 2517 265 2614; x_wconf 71' lang='lat' dir='ltr'><strong>fasta,</strong></span> <span class='ocrx_word' id='word_1_122' title='bbox 278 2522 326 2600; x_wconf 95' lang='lat' dir='ltr'><strong>ad</strong></span> <span class='ocrx_word' id='word_1_123' title='bbox 338 2520 480 2601; x_wconf 90' lang='lat' dir='ltr'><strong>urbem</strong></span> <span class='ocrx_word' id='word_1_124' title='bbox 493 2521 568 2601; x_wconf 80' lang='lat' dir='ltr'><strong>else</strong></span> <span class='ocrx_word' id='word_1_125' title='bbox 587 2519 879 2615; x_wconf 89' lang='lat' dir='ltr'><strong>reducendum·</strong></span> <span class='ocrx_word' id='word_1_126' title='bbox 901 2522 941 2599; x_wconf 90' lang='lat' dir='ltr'><strong>in</strong></span> <span class='ocrx_word' id='word_1_127' title='bbox 954 2519 1148 2600; x_wconf 90' lang='lat' dir='ltr'><strong>summam</strong></span> <span class='ocrx_word' id='word_1_128' title='bbox 1164 2520 1297 2629; x_wconf 90' lang='lat' dir='ltr'><strong>digni·</strong></span> 
     </span>
     <span class='ocr_line' id='line_1_19' title="bbox 144 2630 1296 2772; baseline 0.002 -60"><span class='ocrx_word' id='word_1_129' title='bbox 144 2650 270 2712; x_wconf 87' lang='lat' dir='ltr'><strong>tatem</strong></span> <span class='ocrx_word' id='word_1_130' title='bbox 289 2654 407 2741; x_wconf 90' lang='lat' dir='ltr'><strong>atque</strong></span> <span class='ocrx_word' id='word_1_131' title='bbox 424 2633 639 2772; x_wconf 88' lang='lat' dir='ltr'><strong>imperium</strong></span> <span class='ocrx_word' id='word_1_132' title='bbox 657 2630 766 2741; x_wconf 72' lang='lat' dir='ltr'><strong>aeque</strong></span> <span class='ocrx_word' id='word_1_133' title='bbox 790 2633 865 2713; x_wconf 83' lang='lat' dir='ltr'><strong>effe</strong></span> <span class='ocrx_word' id='word_1_134' title='bbox 884 2632 1184 2727; x_wconf 89' lang='lat' dir='ltr'><strong>restituendum,</strong></span> <span class='ocrx_word' id='word_1_135' title='bbox 1204 2662 1248 2713; x_wconf 89' lang='lat' dir='ltr'><strong>ac</strong></span> <span class='ocrx_word' id='word_1_136' title='bbox 1268 2635 1296 2714; x_wconf 84' lang='lat' dir='ltr'><strong>st</strong></span> 
     </span>
     <span class='ocr_line' id='line_1_20' title="bbox 145 2742 1297 2855; baseline 0.003 -32"><span class='ocrx_word' id='word_1_137' title='bbox 145 2745 198 2824; x_wconf 91' lang='lat' dir='ltr'><strong>de</strong></span> <span class='ocrx_word' id='word_1_138' title='bbox 212 2746 352 2853; x_wconf 87' lang='lat' dir='ltr'><strong>repub.</strong></span> <span class='ocrx_word' id='word_1_139' title='bbox 367 2742 540 2855; x_wconf 73' lang='lat' dir='ltr'><strong>preclare</strong></span> <span class='ocrx_word' id='word_1_140' title='bbox 556 2743 835 2825; x_wconf 86' lang='lat' dir='ltr'><strong>merituseffet.</strong></span> <span class='ocrx_word' id='word_1_141' title='bbox 895 2746 953 2824; x_wconf 85' lang='lat' dir='ltr'><strong>Ita</strong></span> <span class='ocrx_word' id='word_1_142' title='bbox 967 2746 1164 2852; x_wconf 86' lang='lat' dir='ltr'><strong>religioni,</strong></span> <span class='ocrx_word' id='word_1_143' title='bbox 1177 2745 1297 2826; x_wconf 89' lang='lat' dir='ltr'><strong>liber·</strong></span> 
     </span>
    </p>

    <p class='ocr_par' dir='ltr' id='par_1_8' title="bbox 147 2852 1297 2969">
     <span class='ocr_line' id='line_1_21' title="bbox 147 2852 1297 2969; baseline 0.003 -33"><span class='ocrx_word' id='word_1_144' title='bbox 147 2857 236 2950; x_wconf 85' lang='lat' dir='ltr'><strong>tati,</strong></span> <span class='ocrx_word' id='word_1_145' title='bbox 253 2855 392 2937; x_wconf 88' lang='lat' dir='ltr'><strong>soederi</strong></span> <span class='ocrx_word' id='word_1_146' title='bbox 409 2857 580 2964; x_wconf 91' lang='lat' dir='ltr'><strong>denique</strong></span> <span class='ocrx_word' id='word_1_147' title='bbox 593 2852 689 2936; x_wconf 90' lang='lat' dir='ltr'><strong>illia</strong></span> <span class='ocrx_word' id='word_1_148' title='bbox 707 2855 745 2936; x_wconf 91' lang='lat' dir='ltr'><strong>se</strong></span> <span class='ocrx_word' id='word_1_149' title='bbox 762 2858 875 2938; x_wconf 90' lang='lat' dir='ltr'><strong>toties</strong></span> <span class='ocrx_word' id='word_1_150' title='bbox 888 2856 1034 2962; x_wconf 71' lang='lat' dir='ltr'><strong>jaCtato</strong></span> <span class='ocrx_word' id='word_1_151' title='bbox 1049 2884 1183 2965; x_wconf 88' lang='lat' dir='ltr'><strong>regem</strong></span> <span class='ocrx_word' id='word_1_152' title='bbox 1199 2887 1297 2969; x_wconf 83' lang='lat' dir='ltr'><strong>prae-</strong></span> 
     </span>
    </p>

    <p class='ocr_par' dir='ltr' id='par_1_9' title="bbox 142 2968 1298 4425">
     <span class='ocr_line' id='line_1_22' title="bbox 145 2968 1298 3100; baseline 0.004 -53"><span class='ocrx_word' id='word_1_153' title='bbox 145 2968 359 3100; x_wconf 80' lang='lat' dir='ltr'><strong>ponebant.</strong></span> <span class='ocrx_word' id='word_1_154' title='bbox 394 2970 507 3081; x_wconf 83' lang='lat' dir='ltr'><strong>Qid</strong></span> <span class='ocrx_word' id='word_1_155' title='bbox 526 2968 616 3048; x_wconf 91' lang='lat' dir='ltr'><strong>illi</strong></span> <span class='ocrx_word' id='word_1_156' title='bbox 605 2987 751 3050; x_wconf 89' lang='lat' dir='ltr'><strong>mterea</strong></span> <span class='ocrx_word' id='word_1_157' title='bbox 769 2970 840 3077; x_wconf 93' lang='lat' dir='ltr'><strong>qui</strong></span> <span class='ocrx_word' id='word_1_158' title='bbox 860 2969 1003 3077; x_wconf 88' lang='lat' dir='ltr'><strong>integri</strong></span> <span class='ocrx_word' id='word_1_159' title='bbox 1019 2989 1101 3050; x_wconf 90' lang='lat' dir='ltr'><strong>tam</strong></span> <span class='ocrx_word' id='word_1_160' title='bbox 1115 2969 1298 3098; x_wconf 86' lang='lat' dir='ltr'><strong>pestifera</strong></span> 
     </span>
     <span class='ocr_line' id='line_1_23' title="bbox 146 3080 1298 3191; baseline 0.003 -31"><span class='ocrx_word' id='word_1_161' title='bbox 146 3099 290 3188; x_wconf 77' lang='lat' dir='ltr'><strong>agitari</strong></span> <span class='ocrx_word' id='word_1_162' title='bbox 277 3080 459 3162; x_wconf 86' lang='lat' dir='ltr'><strong>confilra</strong></span> <span class='ocrx_word' id='word_1_163' title='bbox 470 3081 680 3161; x_wconf 80' lang='lat' dir='ltr'><strong>videbant?</strong></span> <span class='ocrx_word' id='word_1_164' title='bbox 710 3083 776 3161; x_wconf 91' lang='lat' dir='ltr'><strong>An</strong></span> <span class='ocrx_word' id='word_1_165' title='bbox 788 3081 877 3160; x_wconf 79' lang='lat' dir='ltr'><strong>ideo</strong></span> <span class='ocrx_word' id='word_1_166' title='bbox 889 3081 1013 3162; x_wconf 84' lang='lat' dir='ltr'><strong>deeffe</strong></span> <span class='ocrx_word' id='word_1_167' title='bbox 1026 3083 1171 3191; x_wconf 78' lang='lat' dir='ltr'><strong>patria,</strong></span> <span class='ocrx_word' id='word_1_168' title='bbox 1184 3082 1298 3166; x_wconf 90' lang='lat' dir='ltr'><strong>saluti</strong></span> 
     </span>
     <span class='ocr_line' id='line_1_24' title="bbox 146 3191 1297 3304; baseline 0.003 -32"><span class='ocrx_word' id='word_1_169' title='bbox 146 3192 308 3273; x_wconf 89' lang='lat' dir='ltr'><strong>suorum</strong></span> <span class='ocrx_word' id='word_1_170' title='bbox 323 3221 401 3274; x_wconf 91' lang='lat' dir='ltr'><strong>non</strong></span> <span class='ocrx_word' id='word_1_171' title='bbox 417 3192 634 3304; x_wconf 85' lang='lat' dir='ltr'><strong>prospicere</strong></span> <span class='ocrx_word' id='word_1_172' title='bbox 650 3192 879 3287; x_wconf 89' lang='lat' dir='ltr'><strong>debuerant,</strong></span> <span class='ocrx_word' id='word_1_173' title='bbox 894 3191 943 3273; x_wconf 84' lang='lat' dir='ltr'><strong>eb</strong></span> <span class='ocrx_word' id='word_1_174' title='bbox 958 3192 1066 3303; x_wconf 89' lang='lat' dir='ltr'><strong>qubd</strong></span> <span class='ocrx_word' id='word_1_175' title='bbox 1080 3194 1190 3274; x_wconf 87' lang='lat' dir='ltr'><strong>istius</strong></span> <span class='ocrx_word' id='word_1_176' title='bbox 1201 3197 1297 3277; x_wconf 91' lang='lat' dir='ltr'><strong>mali</strong></span> 
     </span>
     <span class='ocr_line' id='line_1_25' title="bbox 143 3304 1296 3416; baseline 0.003 -31"><span class='ocrx_word' id='word_1_177' title='bbox 143 3308 332 3415; x_wconf 87' lang='lat' dir='ltr'><strong>contagio</strong></span> <span class='ocrx_word' id='word_1_178' title='bbox 351 3307 391 3385; x_wconf 91' lang='lat' dir='ltr'><strong>in</strong></span> <span class='ocrx_word' id='word_1_179' title='bbox 406 3304 582 3416; x_wconf 91' lang='lat' dir='ltr'><strong>ipsorum</strong></span> <span class='ocrx_word' id='word_1_180' title='bbox 596 3305 793 3386; x_wconf 90' lang='lat' dir='ltr'><strong>Ordinem</strong></span> <span class='ocrx_word' id='word_1_181' title='bbox 812 3304 1108 3416; x_wconf 87' lang='lat' dir='ltr'><strong>penetraverat?</strong></span> <span class='ocrx_word' id='word_1_182' title='bbox 1138 3306 1296 3416; x_wconf 88' lang='lat' dir='ltr'><strong>Atquis</strong></span> 
     </span>
     <span class='ocr_line' id='line_1_26' title="bbox 145 3416 1297 3527; baseline 0.001 -29"><span class='ocrx_word' id='word_1_183' title='bbox 145 3417 241 3499; x_wconf 82' lang='lat' dir='ltr'><strong>istos</strong></span> <span class='ocrx_word' id='word_1_184' title='bbox 263 3417 428 3499; x_wconf 83' lang='lat' dir='ltr'><strong>exclusit</strong></span> <span class='ocrx_word' id='word_1_185' title='bbox 453 3416 714 3498; x_wconf 71' lang='lat' dir='ltr'><strong>malesanos?</strong></span> <span class='ocrx_word' id='word_1_186' title='bbox 746 3417 962 3511; x_wconf 84' lang='lat' dir='ltr'><strong>Exercitus,</strong></span> <span class='ocrx_word' id='word_1_187' title='bbox 988 3419 1134 3527; x_wconf 91' lang='lat' dir='ltr'><strong>inquis,</strong></span> <span class='ocrx_word' id='word_1_188' title='bbox 1153 3419 1297 3526; x_wconf 80' lang='lat' dir='ltr'><strong>Angli-</strong></span> 
     </span>
     <span class='ocr_line' id='line_1_27' title="bbox 142 3528 1298 3631; baseline 0.003 -21"><span class='ocrx_word' id='word_1_189' title='bbox 142 3557 277 3625; x_wconf 82' lang='lat' dir='ltr'><strong>canus,</strong></span> <span class='ocrx_word' id='word_1_190' title='bbox 296 3530 338 3610; x_wconf 89' lang='lat' dir='ltr'><strong>id</strong></span> <span class='ocrx_word' id='word_1_191' title='bbox 358 3530 430 3623; x_wconf 88' lang='lat' dir='ltr'><strong>est,</strong></span> <span class='ocrx_word' id='word_1_192' title='bbox 455 3558 535 3631; x_wconf 79' lang='lat' dir='ltr'><strong>pon</strong></span> <span class='ocrx_word' id='word_1_193' title='bbox 559 3548 826 3624; x_wconf 85' lang='lat' dir='ltr'><strong>externorum,</strong></span> <span class='ocrx_word' id='word_1_194' title='bbox 852 3530 916 3610; x_wconf 91' lang='lat' dir='ltr'><strong>sed</strong></span> <span class='ocrx_word' id='word_1_195' title='bbox 940 3528 1238 3612; x_wconf 89' lang='lat' dir='ltr'><strong>fortiffimorum</strong></span> <span class='ocrx_word' id='word_1_196' title='bbox 1258 3553 1298 3614; x_wconf 91' lang='lat' dir='ltr'><strong>et</strong></span> 
     </span>
     <span class='ocr_line' id='line_1_28' title="bbox 143 3640 1297 3752; baseline 0.002 -31"><span class='ocrx_word' id='word_1_197' title='bbox 143 3640 424 3722; x_wconf 77' lang='lat' dir='ltr'><strong>fidissimorum</strong></span> <span class='ocrx_word' id='word_1_198' title='bbox 441 3644 616 3736; x_wconf 89' lang='lat' dir='ltr'><strong>civium;</strong></span> <span class='ocrx_word' id='word_1_199' title='bbox 640 3670 813 3749; x_wconf 89' lang='lat' dir='ltr'><strong>quorum</strong></span> <span class='ocrx_word' id='word_1_200' title='bbox 832 3641 979 3722; x_wconf 90' lang='lat' dir='ltr'><strong>tribuni</strong></span> <span class='ocrx_word' id='word_1_201' title='bbox 1006 3643 1199 3752; x_wconf 89' lang='lat' dir='ltr'><strong>plerique,</strong></span> <span class='ocrx_word' id='word_1_202' title='bbox 1226 3646 1297 3723; x_wconf 86' lang='lat' dir='ltr'><strong>Se·</strong></span> 
     </span>
     <span class='ocr_line' id='line_1_29' title="bbox 145 3752 1297 3865; baseline 0.004 -32"><span class='ocrx_word' id='word_1_203' title='bbox 145 3773 301 3834; x_wconf 84' lang='lat' dir='ltr'><strong>natores</strong></span> <span class='ocrx_word' id='word_1_204' title='bbox 323 3754 396 3863; x_wconf 86' lang='lat' dir='ltr'><strong>ipti</strong></span> <span class='ocrx_word' id='word_1_205' title='bbox 419 3773 543 3849; x_wconf 88' lang='lat' dir='ltr'><strong>erant,</strong></span> <span class='ocrx_word' id='word_1_206' title='bbox 567 3780 666 3862; x_wconf 89' lang='lat' dir='ltr'><strong>quos</strong></span> <span class='ocrx_word' id='word_1_207' title='bbox 689 3752 749 3833; x_wconf 92' lang='lat' dir='ltr'><strong>illi</strong></span> <span class='ocrx_word' id='word_1_208' title='bbox 775 3753 871 3835; x_wconf 92' lang='lat' dir='ltr'><strong>boni</strong></span> <span class='ocrx_word' id='word_1_209' title='bbox 897 3755 1043 3836; x_wconf 85' lang='lat' dir='ltr'><strong>exclusr</strong></span> <span class='ocrx_word' id='word_1_210' title='bbox 1067 3755 1191 3863; x_wconf 89' lang='lat' dir='ltr'><strong>patria</strong></span> <span class='ocrx_word' id='word_1_211' title='bbox 1217 3754 1297 3865; x_wconf 88' lang='lat' dir='ltr'><strong>ipsa</strong></span> 
     </span>
     <span class='ocr_line' id='line_1_30' title="bbox 144 3865 1295 3976; baseline 0.003 -30"><span class='ocrx_word' id='word_1_212' title='bbox 144 3865 426 3962; x_wconf 84' lang='lat' dir='ltr'><strong>excludendos,</strong></span> <span class='ocrx_word' id='word_1_213' title='bbox 442 3886 482 3947; x_wconf 89' lang='lat' dir='ltr'><strong>et</strong></span> <span class='ocrx_word' id='word_1_214' title='bbox 500 3867 542 3946; x_wconf 92' lang='lat' dir='ltr'><strong>in</strong></span> <span class='ocrx_word' id='word_1_215' title='bbox 558 3865 798 3948; x_wconf 86' lang='lat' dir='ltr'><strong>Hiberniam</strong></span> <span class='ocrx_word' id='word_1_216' title='bbox 816 3867 957 3976; x_wconf 92' lang='lat' dir='ltr'><strong>procul</strong></span> <span class='ocrx_word' id='word_1_217' title='bbox 971 3865 1206 3974; x_wconf 88' lang='lat' dir='ltr'><strong>ablegandos</strong></span> <span class='ocrx_word' id='word_1_218' title='bbox 1221 3868 1295 3950; x_wconf 86' lang='lat' dir='ltr'><strong>effe</strong></span> 
     </span>
     <span class='ocr_line' id='line_1_31' title="bbox 143 3976 1297 4088; baseline 0.002 -30"><span class='ocrx_word' id='word_1_219' title='bbox 143 3976 396 4074; x_wconf 82' lang='lat' dir='ltr'><strong>censuerant3</strong></span> <span class='ocrx_word' id='word_1_220' title='bbox 425 3977 524 4058; x_wconf 94' lang='lat' dir='ltr'><strong>dum</strong></span> <span class='ocrx_word' id='word_1_221' title='bbox 544 3979 651 4059; x_wconf 85' lang='lat' dir='ltr'><strong>Scoti</strong></span> <span class='ocrx_word' id='word_1_222' title='bbox 670 3980 830 4059; x_wconf 90' lang='lat' dir='ltr'><strong>interim</strong></span> <span class='ocrx_word' id='word_1_223' title='bbox 854 3978 974 4059; x_wconf 72' lang='lat' dir='ltr'><strong>dubio</strong></span> <span class='ocrx_word' id='word_1_224' title='bbox 990 3977 1075 4084; x_wconf 89' lang='lat' dir='ltr'><strong>jam</strong></span> <span class='ocrx_word' id='word_1_225' title='bbox 1101 3978 1178 4059; x_wconf 91' lang='lat' dir='ltr'><strong>fide</strong></span> <span class='ocrx_word' id='word_1_226' title='bbox 1196 4007 1297 4088; x_wconf 90' lang='lat' dir='ltr'><strong>qua·</strong></span> 
     </span>
     <span class='ocr_line' id='line_1_32' title="bbox 144 4089 1297 4220; baseline 0.002 -49"><span class='ocrx_word' id='word_1_227' title='bbox 144 4110 237 4172; x_wconf 89' lang='lat' dir='ltr'><strong>tuor</strong></span> <span class='ocrx_word' id='word_1_228' title='bbox 225 4090 412 4220; x_wconf 51' lang='lat' dir='ltr'><strong>”Angliae</strong></span> <span class='ocrx_word' id='word_1_229' title='bbox 430 4090 650 4199; x_wconf 85' lang='lat' dir='ltr'><strong>provincias</strong></span> <span class='ocrx_word' id='word_1_230' title='bbox 665 4089 740 4170; x_wconf 90' lang='lat' dir='ltr'><strong>suis</strong></span> <span class='ocrx_word' id='word_1_231' title='bbox 760 4090 903 4171; x_wconf 91' lang='lat' dir='ltr'><strong>finibus</strong></span> <span class='ocrx_word' id='word_1_232' title='bbox 923 4092 1123 4199; x_wconf 89' lang='lat' dir='ltr'><strong>proximas</strong></span> <span class='ocrx_word' id='word_1_233' title='bbox 1142 4093 1297 4200; x_wconf 90' lang='lat' dir='ltr'><strong>magnis</strong></span> 
     </span>
     <span class='ocr_line' id='line_1_33' title="bbox 143 4201 1298 4313; baseline 0.001 -29"><span class='ocrx_word' id='word_1_234' title='bbox 143 4228 223 4312; x_wconf 90' lang='lat' dir='ltr'><strong>cop</strong></span> <span class='ocrx_word' id='word_1_235' title='bbox 224 4203 272 4283; x_wconf 84' lang='lat' dir='ltr'><strong>iis</strong></span> <span class='ocrx_word' id='word_1_236' title='bbox 285 4202 514 4296; x_wconf 83' lang='lat' dir='ltr'><strong>infidebant,</strong></span> <span class='ocrx_word' id='word_1_237' title='bbox 531 4201 748 4283; x_wconf 81' lang='lat' dir='ltr'><strong>firmissima</strong></span> <span class='ocrx_word' id='word_1_238' title='bbox 767 4231 904 4283; x_wconf 89' lang='lat' dir='ltr'><strong>earum</strong></span> <span class='ocrx_word' id='word_1_239' title='bbox 922 4202 1132 4311; x_wconf 91' lang='lat' dir='ltr'><strong>regionum</strong></span> <span class='ocrx_word' id='word_1_240' title='bbox 1150 4205 1298 4313; x_wconf 85' lang='lat' dir='ltr'><strong>oppida</strong></span> 
     </span>
     <span class='ocr_line' id='line_1_34' title="bbox 143 4231 1294 4425; baseline 0.003 -30"><span class='ocrx_word' id='word_1_241' title='bbox 143 4231 328 4425; x_wconf 67' lang='lat' dir='ltr'><strong>presidiis</strong></span> <span class='ocrx_word' id='word_1_242' title='bbox 340 4316 524 4396; x_wconf 88' lang='lat' dir='ltr'><strong>tenebant</strong></span> <span class='ocrx_word' id='word_1_243' title='bbox 525 4342 685 4422; x_wconf 89' lang='lat' dir='ltr'><strong>,regem</strong></span> <span class='ocrx_word' id='word_1_244' title='bbox 701 4313 852 4424; x_wconf 93' lang='lat' dir='ltr'><strong>ipsum</strong></span> <span class='ocrx_word' id='word_1_245' title='bbox 841 4342 882 4394; x_wconf 89' lang='lat' dir='ltr'><strong>tn</strong></span> <span class='ocrx_word' id='word_1_246' title='bbox 893 4313 1068 4395; x_wconf 78' lang='lat' dir='ltr'><strong>custodia</strong></span> <span class='ocrx_word' id='word_1_247' title='bbox 1079 4313 1294 4398; x_wconf 87' lang='lat' dir='ltr'><strong>habebant</strong></span> 
     </span>
    </p>

    <p class='ocr_par' dir='ltr' id='par_1_10' title="bbox 141 4424 1297 4872">
     <span class='ocr_line' id='line_1_35' title="bbox 143 4424 1296 4556; baseline 0.003 -49"><span class='ocrx_word' id='word_1_248' title='bbox 143 4427 244 4508; x_wconf 88' lang='lat' dir='ltr'><strong>dum</strong></span> <span class='ocrx_word' id='word_1_249' title='bbox 275 4428 347 4539; x_wconf 85' lang='lat' dir='ltr'><strong>ipfi</strong></span> <span class='ocrx_word' id='word_1_250' title='bbox 378 4429 499 4509; x_wconf 87' lang='lat' dir='ltr'><strong>etiam</strong></span> <span class='ocrx_word' id='word_1_251' title='bbox 530 4424 718 4507; x_wconf 68' lang='lat' dir='ltr'><strong>factiones</strong></span> <span class='ocrx_word' id='word_1_252' title='bbox 748 4425 907 4507; x_wconf 92' lang='lat' dir='ltr'><strong>suorum</strong></span> <span class='ocrx_word' id='word_1_253' title='bbox 938 4445 1054 4556; x_wconf 82' lang='lat' dir='ltr'><strong>atque</strong></span> <span class='ocrx_word' id='word_1_254' title='bbox 1087 4428 1296 4524; x_wconf 91' lang='lat' dir='ltr'><strong>tumultus,</strong></span> 
     </span>
     <span class='ocr_line' id='line_1_36' title="bbox 146 4538 1295 4649; baseline 0.001 -30"><span class='ocrx_word' id='word_1_255' title='bbox 146 4539 398 4629; x_wconf 73' lang='lat' dir='ltr'><strong>Parlamento</strong></span> <span class='ocrx_word' id='word_1_256' title='bbox 416 4538 488 4648; x_wconf 86' lang='lat' dir='ltr'><strong>ipfi</strong></span> <span class='ocrx_word' id='word_1_257' title='bbox 508 4539 717 4649; x_wconf 86' lang='lat' dir='ltr'><strong>plusquam</strong></span> <span class='ocrx_word' id='word_1_258' title='bbox 740 4541 926 4633; x_wconf 90' lang='lat' dir='ltr'><strong>minaces,</strong></span> <span class='ocrx_word' id='word_1_259' title='bbox 952 4558 993 4619; x_wconf 93' lang='lat' dir='ltr'><strong>et</strong></span> <span class='ocrx_word' id='word_1_260' title='bbox 1011 4540 1052 4620; x_wconf 89' lang='lat' dir='ltr'><strong>in</strong></span> <span class='ocrx_word' id='word_1_261' title='bbox 1078 4538 1176 4620; x_wconf 91' lang='lat' dir='ltr'><strong>urbe</strong></span> <span class='ocrx_word' id='word_1_262' title='bbox 1195 4559 1236 4620; x_wconf 89' lang='lat' dir='ltr'><strong>et</strong></span> <span class='ocrx_word' id='word_1_263' title='bbox 1254 4541 1295 4620; x_wconf 90' lang='lat' dir='ltr'><strong>in</strong></span> 
     </span>
     <span class='ocr_line' id='line_1_37' title="bbox 142 4651 1297 4790; baseline 0.002 -59"><span class='ocrx_word' id='word_1_264' title='bbox 142 4653 249 4761; x_wconf 80' lang='lat' dir='ltr'><strong>agris</strong></span> <span class='ocrx_word' id='word_1_265' title='bbox 267 4652 406 4790; x_wconf 85' lang='lat' dir='ltr'><strong>paffim</strong></span> <span class='ocrx_word' id='word_1_266' title='bbox 426 4651 625 4746; x_wconf 84' lang='lat' dir='ltr'><strong>fovebant,</strong></span> <span class='ocrx_word' id='word_1_267' title='bbox 651 4681 722 4761; x_wconf 86' lang='lat' dir='ltr'><strong>qut</strong></span> <span class='ocrx_word' id='word_1_268' title='bbox 711 4651 860 4761; x_wconf 86' lang='lat' dir='ltr'><strong>paulb</strong></span> <span class='ocrx_word' id='word_1_269' title='bbox 879 4651 996 4761; x_wconf 88' lang='lat' dir='ltr'><strong>pbst</strong></span> <span class='ocrx_word' id='word_1_270' title='bbox 985 4680 1027 4731; x_wconf 91' lang='lat' dir='ltr'><strong>1n</strong></span> <span class='ocrx_word' id='word_1_271' title='bbox 1047 4651 1198 4732; x_wconf 90' lang='lat' dir='ltr'><strong>bellum</strong></span> <span class='ocrx_word' id='word_1_272' title='bbox 1217 4679 1297 4732; x_wconf 88' lang='lat' dir='ltr'><strong>non</strong></span> 
     </span>
     <span class='ocr_line' id='line_1_38' title="bbox 141 4762 1296 4930; baseline -0.001 -83"><span class='ocrx_word' id='word_1_273' title='bbox 141 4764 260 4847; x_wconf 81' lang='lat' dir='ltr'><strong>civile</strong></span> <span class='ocrx_word' id='word_1_274' title='bbox 279 4762 423 4859; x_wconf 72' lang='lat' dir='ltr'><strong>solium,</strong></span> <span class='ocrx_word' id='word_1_275' title='bbox 438 4762 555 4846; x_wconf 90' lang='lat' dir='ltr'><strong>sedet</strong></span> <span class='ocrx_word' id='word_1_276' title='bbox 569 4766 769 4846; x_wconf 88' lang='lat' dir='ltr'><strong>Scoticum</strong></span> <span class='ocrx_word' id='word_1_277' title='bbox 786 4763 885 4845; x_wconf 94' lang='lat' dir='ltr'><strong>illud</strong></span> <span class='ocrx_word' id='word_1_278' title='bbox 899 4789 1074 4930; x_wconf 85' lang='lat' dir='ltr'><strong>erupere.</strong></span> <span class='ocrx_word' id='word_1_279' title='bbox 1132 4763 1296 4872; x_wconf 84' lang='lat' dir='ltr'><strong>Qodfi</strong></span> 
     </span>
    </p>
   </div>
   <div class='ocr_carea' id='block_1_3' title="bbox 0 0 1448 5204">
    <p class='ocr_par' dir='ltr' id='par_1_11' title="bbox 0 0 1448 5204">
     <span class='ocr_line' id='line_1_39' title="bbox 0 0 1448 5204; baseline 0 0"><span class='ocrx_word' id='word_1_280' title='bbox 0 0 1448 5204; x_wconf 95' lang='lat' dir='ltr'><strong> </strong></span> 
     </span>
    </p>
   </div>
  </div>
 </body>
</html>
