2888 5204
141 213 217 289 19:
418 176 612 304 Joannis
640 167 846 299 Philippi
873 167 1025 298 Angli

140 350 168 426 ti
183 349 401 427 Claudium
415 373 509 424 cum
526 350 742 451 Anonymo
758 345 1029 449 conjunxeris,
1048 343 1187 424 insulsi
1199 341 1268 421 imi-
1320 349 1328 371 ⁷

140 461 245 539 raris.
305 456 461 537 Verum
479 485 560 535 non
574 459 607 536 is
619 457 991 565 Polypngmaricus
1003 457 1080 551 est,
1090 458 1165 565 qui
1178 454 1272 533 libet·

142 592 265 650 tatem
285 570 432 662 laudat,
451 590 634 675 mannos
651 571 829 659 damnat,
843 569 999 648 civium
1012 568 1179 650 suorum
1194 562 1276 645 tabl

142 702 185 761 et
201 682 342 761 decore
362 682 463 760 fada
481 679 683 773 defendit3
703 680 770 758 sod
785 700 828 757 tu
840 682 988 787 potius,
1002 684 1146 790 rniqrre
1160 676 1282 759 limile!

143 794 234 873 veri
254 794 305 872 lic
323 795 403 873 dici
428 792 588 884 debent,
610 797 681 900 qui
703 820 800 871 cum
819 792 1115 873 Eoeleflarficos
1138 792 1284 872 efferor

143 906 425 1015 profiteamini,
436 925 476 984 et
488 905 704 984 Eoelefiam
715 904 841 982 vestri
853 904 1284 1014 Polypngmaticipet·

145 1019 311 1111 uidistis,
331 1038 372 1096 et
387 1046 519 1096 rerum
533 1018 714 1096 civilium
733 1015 1119 1098 administrationem
1138 1010 1285 1095 nihilrd

146 1157 215 1210 vos
234 1131 495 1239 pertinentem
508 1129 701 1238 perpetui>
715 1127 952 1207 contubatis.
984 1132 1065 1209 Sed
1078 1127 1196 1210 musa
1212 1122 1287 1207 snb·

146 1262 229 1321 erat
255 1243 383 1349 gravis
405 1270 478 1320 cur
507 1240 705 1335 scriberes,
741 1241 877 1333 modo,
909 1262 1048 1322 contra
1070 1238 1287 1350 dffenfionfl

147 1354 312 1434 Miltoni
330 1354 606 1462 destructivam.

203 1515 417 1593 Brammalr
434 1514 493 1593 dic
512 1513 612 1594 nobis
629 1513 755 1619 cujum
766 1512 917 1623 pecus?
945 1544 1043 1593 anne
1060 1510 1251 1593 latinum?

203 1627 306 1719 Non,
326 1655 457 1705 verum
476 1627 746 1719 monachorum,
766 1628 828 1705 illi
831 1628 895 1732 stc
913 1656 1006 1705 rure
1023 1625 1242 1735 loquuntur.

148 1797 383 1905 Cognoscite
411 1800 497 1905 jam
528 1799 734 1881 hominem
766 1802 807 1878 in
838 1801 907 1880 illa
944 1828 1094 1909 nempe
1127 1798 1289 1879 barbarie

147 1907 476 1991 Scholasticomm
491 1910 613 2019 quam
628 1915 669 1991 in
682 1913 880 1992 clarorum
898 1910 1117 1992 authorum
1131 1914 1289 2021 puritate

147 2043 188 2103 et
216 2022 252 2102 sa
282 2025 402 2103 ientia
424 2024 689 2116 versatiorem‚
718 2051 890 2130 quorum
919 2026 1051 2104 lucem
1077 2022 1290 2134 vespertilio

149 2136 217 2213 iste
239 2052 338 2215 deire
362 2163 565 2242 nunquam
591 2137 737 2244 potuit.
798 2137 918 2214 Unde
944 2137 1114 2215 demum
1140 2136 1291 2244 prodeat

148 2246 346 2354 Apologia
371 2248 440 2326 ista
459 2248 676 2326 videamus.
734 2248 979 2355 Antuerpr'a,·
1008 2245 1090 2327 hoc
1111 2248 1224 2327 enim
1240 2245 1290 2325 so·

150 2358 233 2437 lum
255 2360 458 2466 praeclarus
473 2358 542 2437 iste
564 2358 868 2438 Protestantium
880 2359 1117 2468 Episcopus,
1135 2358 1291 2468 asylum,

150 2489 193 2550 ut
216 2471 385 2564 videtur,
414 2472 587 2549 invenire
611 2471 681 2548 fibi
706 2474 851 2578 potuit,
879 2474 982 2551 inter
998 2470 1244 2576 jesuitarum
1259 2486 1293 2548 et

150 2582 444 2662 Monachorum
457 2601 642 2675 catervaS,
654 2582 888 2690 quibuscum
900 2585 995 2663 tales
1007 2579 1293 2693 pseudepiscopi

150 2694 398 2774 libentilllme
418 2694 491 2773 elle
510 2694 645 2774 solent.
706 2694 830 2774 Rene
850 2697 972 2802 igitur
984 2724 1078 2775 meo
1091 2696 1246 2801 judicio
1260 2708 1294 2772 et

152 2807 187 2886 se
208 2806 326 2914 digne
357 2805 505 2886 faciunt
527 2806 785 2886 Protestantes
815 2810 954 2899 exteri,
984 2809 1056 2915 qui
1085 2808 1295 2887 turbatores
1326 2814 1328 2893 l

152 2919 367 2998 istiusmodi
387 2919 624 2999 errabundos
644 2918 718 2998 suis
736 2918 901 3000 coetibus
916 2919 1096 3027 abigunt.
1156 2920 1295 2998 Saltem

152 3059 230 3110 non
251 3031 361 3111 ausus
380 3032 434 3111 est
458 3030 563 3139 apud
587 3030 710 3110 ullam
731 3032 968 3111 Batavorum
994 3033 1203 3110 civitatem
1228 3028 1296 3109 hoc

152 3142 264 3223 suum
284 3143 519 3252 opusculum
541 3144 642 3251 typis
666 3143 865 3236 mandare,
890 3143 1036 3223 veritus
1056 3171 1106 3222 ne
1126 3138 1296 3222 Illustris·

154 3257 238 3336 fimi
259 3257 554 3337 Foederatorum
586 3255 772 3348 Ordines,
803 3275 848 3335 ut
879 3255 1055 3335 Salmasri
1089 3282 1220 3366 nuper
1247 3252 1297 3332 sui

151 3368 331 3449 libellum
353 3367 510 3479 publice
530 3368 780 3460 damnarunt,
797 3368 850 3447 ita
868 3366 904 3446 se
923 3395 1085 3475 quoque
1104 3386 1296 3447 extorrem

153 3500 193 3559 et
226 3484 436 3560 erraticum
467 3479 705 3559 nebulonem
739 3479 867 3559 multb
902 3477 1069 3560 severilrs
1102 3480 1294 3588 punirent.

154 3592 274 3702 Qod
297 3593 372 3672 illis
395 3593 559 3701 quidem
586 3594 626 3669 in
651 3591 808 3670 laudern
833 3612 951 3700 atque
975 3588 1188 3685 honorem,
1213 3588 1296 3671 huic

152 3703 296 3783 merito
317 3707 355 3784 in
376 3705 635 3815 opprobrium
655 3703 792 3782 cedere
812 3703 941 3783 debet.

210 3818 302 3921 Jam
323 3819 370 3895 ad
388 3818 572 3897 letiorem
592 3815 770 3925 quadam
790 3815 986 3924 praefatur,
1002 3833 1042 3893 et
1062 3842 1190 3923 pauca
1203 3811 1297 3905 land,

155 3929 217 4008 sed
234 3958 319 4037 qua>
336 3928 541 4008 stultitiam
557 3926 728 4006 hominis
745 3946 784 4006 et
798 3928 1063 4035 ignorantiam
1079 3926 1298 4007 illiteratam

155 4040 243 4151 plus
275 4042 399 4121 nimio
433 4041 610 4151 prodant.
671 4041 864 4151 Qeritur
895 4067 1004 4120 unam
1040 4056 1194 4120 tantum
1222 4034 1298 4117 Sal-

154 4155 262 4235 mafii
276 4152 539 4263 impreffionem,
561 4153 679 4260 idque
699 4181 835 4258 magna
855 4180 936 4231 cum
951 4149 1174 4258 dffcultate
1193 4150 1233 4230 in
1246 4148 1299 4229 lrr·

154 4296 228 4347 cem
241 4266 417 4377 erup3ffi;
440 4266 521 4372 ejus
541 4283 673 4344 autem
687 4263 777 4342 libri
795 4291 915 4371 quem
929 4264 1130 4342 Miltonus
1145 4260 1299 4372 scripfit,

150 4397 206 4460 tot
224 4382 288 4491 effi
311 4379 549 4488 exemplaria,
571 4395 615 4456 ut
638 4376 780 4455 nesciat
806 4376 870 4456 cui
885 4377 1050 4456 letiorem
1081 4377 1298 4457 remitteret.
