2888 5204
151 186 233 267 288
430 175 521 266 Pro
547 166 732 303 Populo
757 166 1026 302 Anglicano

149 346 314 440 solvens,
333 346 518 426 Genuam
536 348 722 456 perveni;
753 374 849 427 mox
871 347 1097 428 Libumum
1117 362 1158 425 et
1176 336 1274 437 Pisas,

149 459 241 539 inde
273 459 532 539 Florentiam.
591 457 665 538 Illa
692 460 733 538 in
762 459 873 554 urbe,
902 487 1025 570 quam
1049 485 1130 568 prae
1150 458 1277 537 ceteris

148 589 309 679 propter
339 570 576 678 elegantiam
610 599 705 651 cum
735 570 879 680 linguae
918 591 1004 652 tum
1044 570 1275 679 ingeniorum
1315 646 1318 675 ;

149 683 302 791 semper
319 682 440 776 colui,
467 683 516 763 ad
535 683 632 763 duos
658 684 814 763 circiter
836 682 985 764 menses
1011 680 1182 776 substiti;
1209 679 1275 759 illic
1315 678 1318 769 l

149 794 368 874 multorum
388 812 429 874 et
452 795 649 875 nobilium
679 793 766 874 sane
793 813 834 874 et
857 796 1065 878 dodiorum
1085 791 1276 875 hominum
1315 788 1317 845 ἶ

149 904 458 986 familiaritatem
471 908 598 988 statim
613 908 815 1002 contraxi;
835 935 1009 1016 quorum
1026 907 1150 987 etiam
1165 905 1275 1015 priva-

148 1037 205 1098 tas
224 1018 456 1112 academias,
476 1020 563 1128 (qui
587 1045 673 1099 mos
693 1019 790 1112 illic,
813 1047 908 1099 cum
934 1020 983 1099 ad
1002 1020 1133 1099 literas
1152 1016 1276 1098 huma·

148 1131 292 1224 niores,
319 1150 405 1210 tum
430 1131 479 1210 ad
497 1133 689 1211 amicitias
714 1129 988 1212 conservandas
1013 1129 1276 1211 laudatissimus

147 1243 222 1350 est)
249 1241 394 1322 affidue
421 1241 680 1353 frequentavi.
739 1244 823 1322 Tui
850 1244 959 1324 enim
977 1241 1127 1349 Jacobe
1146 1240 1276 1333 Gaddi,

149 1354 292 1435 Carole
316 1355 428 1449 Dati,
456 1357 490 1434 F
492 1354 725 1448 rescobalde,
754 1355 983 1449 Cultelline,
1016 1351 1277 1445 Bonmatthei

149 1466 419 1560 Clementille,
441 1468 475 1545 F
477 1468 649 1561 rancine,
670 1466 918 1577 aliorumque
936 1468 1114 1578 plurium
1136 1490 1273 1547 memo·

147 1576 1277 1800 assasti&³⁰⁶sisl'31s‘3323333lffi’lll

148 1819 225 1894 tus,
250 1801 458 1910 postquam
481 1803 586 1883 illius
611 1803 719 1885 urbis
743 1804 953 1913 antiquitas
976 1823 1016 1884 et
1037 1802 1163 1913 prisca
1188 1798 1276 1882 fanu

148 1940 214 1991 me
239 1913 288 1992 ad
313 1913 496 1995 bimestre
522 1913 605 1995 fere
631 1915 802 2025 spatium
823 1916 1001 1996 tenuiffet
1019 1915 1108 2024 (ubi
1122 1931 1165 1995 et
1183 1910 1277 1994 Luci

148 2024 374 2119 Holstenio,
396 2025 557 2134 aliisque
577 2027 669 2108 viris
690 2056 784 2108 cum
807 2028 932 2108 doetis
954 2046 1041 2108 tum
1067 2024 1276 2134 ingeniosa.

146 2135 232 2217 sum
248 2137 337 2218 usus
355 2135 661 2246 humaniffimis)
679 2141 896 2251 Neapolim
912 2138 1092 2247 perrexi:
1123 2139 1208 2219 illic
1219 2162 1277 2249 pet

146 2250 368 2329 Eremitam
386 2251 599 2356 quendam,
620 2253 785 2358 quicum
803 2254 934 2333 Romi
951 2252 1025 2332 iter
1039 2249 1225 2343 feceram,
1237 2246 1277 2329 ad

145 2360 341 2466 Joannem
367 2362 583 2472 Baptistam
605 2363 809 2458 Mansum,
837 2361 1117 2444 Marchionem
1135 2361 1277 2443 Villen·

144 2472 242 2565 sem,
272 2474 404 2552 virum
438 2474 721 2554 nobiliffimum
753 2493 871 2585 atque
906 2475 1192 2584 gravillimum,
1222 2470 1275 2581 (ad

143 2586 1277 2810 susannem?

143 2807 211 2885 diu
228 2806 310 2887 illic
323 2806 397 2901 fui,
411 2809 498 2890 sani:
516 2811 765 2907 amiciffim03
786 2814 858 2920 qui
871 2831 912 2892 et
929 2811 1008 2923 ipse
1022 2839 1087 2891 me
1100 2839 1173 2921 per
1184 2809 1276 2892 urbis

144 2918 229 2998 loca
254 2938 295 2999 et
323 2920 503 3029 Protegis
526 2922 661 3002 aulam
683 2925 965 3018 circumduxit,
993 2922 1142 3002 visendi
1166 2923 1276 3032 gratia

142 3028 249 3111 haud
270 3030 389 3112 semel
409 3032 489 3142 ipse
508 3033 557 3112 ad
578 3032 793 3145 hospitium
809 3038 941 3117 venit:
962 3034 1176 3115 discedenti
1194 3030 1276 3115 serit
1309 3034 1312 3151 l

141 3143 340 3223 excusavit
354 3142 406 3237 se,
421 3145 572 3225 tametsi
587 3144 717 3227 multo
731 3149 843 3256 plura
856 3147 1032 3228 detulisse
1047 3143 1151 3227 mihi
1162 3145 1276 3229 officia
1309 3176 1312 3239 ε

143 3254 318 3336 maxime
334 3255 531 3363 cupiebat,
546 3283 624 3336 non
640 3260 806 3366 potuisse
822 3260 889 3340 illa
901 3261 942 3338 in
957 3258 1068 3353 urbe,
1081 3278 1276 3369 propterea
1310 3252 1312 3343 l

140 3366 248 3472 quod
267 3366 451 3447 nolebam
476 3367 516 3447 in
541 3369 731 3477 religione
754 3372 829 3451 esse
853 3373 1004 3452 tectior.
1051 3372 1100 3451 In
1114 3372 1276 3452 Siciliam

139 3504 299 3584 quoque
319 3496 358 3557 et
372 3479 565 3559 Graeciam
587 3481 760 3587 trajicere
772 3483 973 3564 volentem
990 3511 1080 3563 me:
1103 3482 1276 3565 tristisex

141 3589 289 3695 Anglia
320 3588 414 3667 belli
440 3592 566 3673 civilis
596 3596 755 3675 nuntius
783 3596 1004 3675 revocavit:
1035 3613 1151 3704 turpe
1181 3595 1276 3676 enim

140 3698 429 3793 existimabam,
445 3702 543 3783 dum
562 3705 643 3783 mei
657 3707 762 3787 cives
778 3707 889 3787 domi
906 3707 955 3787 de
969 3706 1148 3787 libertate
1167 3705 1277 3788 dimi·

139 3832 287 3905 carent,
312 3838 361 3889 ne
383 3814 506 3894 animi
521 3816 635 3896 causi
654 3816 778 3899 otiosi¹
798 3819 1053 3928 peregrinari.
1114 3821 1277 3900 Romam

138 3941 272 4002 autem
293 3923 549 4020 reversurum,
570 3928 784 4009 monebant
800 3931 1042 4011 Mercatores
1058 3929 1096 4010 se
1114 3926 1277 4012 didicisse

138 4061 209 4142 per
226 4034 357 4114 literas
376 4038 502 4145 parari
523 4037 623 4118 mihi
645 4041 693 4119 ab
713 4040 872 4147 Jesuitis
890 4043 1033 4149 Anglis
1060 4043 1230 4138 infidias,
1254 4037 1276 4118 li

140 4148 314 4227 Romam
334 4167 592 4246 reverterem;
622 4151 798 4260 eoquod
819 4155 868 4236 de
888 4154 1077 4263 religione
1099 4156 1220 4236 nimis
1235 4152 1277 4232 li·

139 4257 230 4338 bere
251 4260 437 4367 loquutus
452 4260 581 4341 essem.
614 4264 678 4343 Sic
695 4266 803 4344 enim
819 4294 980 4346 mecum
998 4266 1224 4363 statueram,
1236 4264 1277 4351 dt

138 4370 329 4479 religione
348 4371 513 4479 quidem
531 4373 580 4454 iis
605 4376 647 4453 in
670 4370 767 4458 locis
787 4377 982 4461 sermones
1002 4379 1117 4475 ultro,
1129 4407 1209 4462 non
1227 4379 1278 4475 ir·
