2888 5204
96 504 100 515 ·
155 579 210 658 16
419 570 511 666 Pro
538 551 724 701 Populo
751 565 1020 701 Anglicano

148 737 300 818 culator
328 739 539 850 quispiam,
569 760 651 821 arte
679 741 1006 835 circumforanei,
1036 765 1224 847 magnam
1252 739 1301 819 de

151 879 193 930 re
219 851 261 931 in
286 854 497 961 prooemio,
521 854 630 934 velut
659 855 701 932 in
725 854 926 963 posterum
949 855 1072 946 diem,
1098 852 1301 962 exspedla-

150 963 303 1043 tionem
330 963 568 1060 concitabas,
588 993 668 1045 non
696 984 778 1046 tam
797 984 842 1046 ut
861 994 947 1045 rem
963 963 1192 1075 promissam
1212 982 1301 1044 turn

148 1073 314 1156 demirm
342 1103 529 1172 narrares,
557 1074 678 1185 quim
708 1097 753 1156 ut
775 1079 980 1187 pigmenta
999 1077 1066 1157 illa
1084 1076 1241 1170 misera,
1261 1095 1302 1156 et

148 1187 341 1297 ampullas
367 1188 462 1269 suco
485 1188 645 1270 refertas
664 1189 873 1270 lectoribus
893 1186 1015 1299 quim
1034 1189 1218 1299 plurimis
1236 1188 1302 1268 di-

148 1301 349 1380 venderes.
410 1303 522 1381 Nam
540 1301 582 1382 de
586 1302 701 1412 frusto
720 1301 887 1382 dicturus
905 1320 961 1383 tot
974 1303 1183 1382 naur'tatum
1197 1330 1301 1381 mon-

134 1412 234 1520 stris
262 1432 299 1492 te
328 1413 548 1494 circundari
575 1443 637 1495 ac.
650 1414 795 1495 terreri
803 1414 938 1520 statu,
959 1433 1002 1494 ut
1029 1413 1122 1523 quid
1132 1412 1300 1524 primum

147 1524 357 1634 exequaris,
373 1525 466 1635 quid
479 1525 616 1620 deinde,
629 1525 721 1636 quid
721 1524 909 1635 postremi,
923 1526 1073 1631 mseras.
1114 1526 1300 1606 Hoccine

146 1636 203 1717 est
222 1637 450 1746 simpliciter
469 1640 649 1718 narrare?
680 1640 828 1718 Dicam
845 1639 952 1748 quod
973 1665 1033 1718 res
1047 1637 1117 1731 est,
1130 1655 1191 1718 tot
1205 1655 1298 1718 tuo-

147 1777 237 1828 rum
266 1748 346 1859 ipse
370 1751 667 1831 mendaciorum
688 1751 884 1846 monstris,
906 1747 1083 1860 primbm
1101 1750 1237 1829 terreri
1258 1769 1297 1831 te

148 1861 278 1956 sentis,
299 1862 441 1942 deinde
462 1882 520 1943 tot
539 1865 670 1973 nugis,
691 1882 750 1943 tot
770 1864 927 1973 ineptiis
942 1863 1180 1942 leviffimum
1197 1862 1296 1942 illud

144 1995 264 2083 caput
290 2001 368 2054 non
393 1974 613 2055 circundari
634 1972 778 2070 solbm,
804 1974 867 2054 [εά
891 1976 1125 2083 circumagi,
1145 1974 1298 2082 utquid

139 2083 319 2196 primdm,
348 2085 441 2196 quid
461 2085 598 2180 deinde,
633 2087 725 2197 quid
739 2086 938 2197 prqdremd
967 2087 1180 2166 dicendum
1212 2086 1294 2166 ullo

147 2216 326 2308 tempore
359 2199 419 2292 fit,
447 2226 526 2279 non
557 2198 678 2280 modb
704 2227 810 2279 nunc
835 2198 985 2307 mseras,
1006 2198 1069 2278 [εά
1089 2226 1292 2308 nunquam

144 2330 257 2390 antea
271 2338 349 2390 non
365 2310 585 2391 nesciveris.
631 2315 740 2392 Inter
751 2310 986 2420 difficultates
998 2340 1081 2420 qua
1091 2329 1294 2392 occurrunt

145 2422 200 2503 ad
216 2423 485 2533 exprimendam
507 2444 586 2504 tam
612 2426 650 2504 in
676 2423 859 2504 credibilis
864 2422 1018 2532 flagitii
1032 2423 1294 2504 immanitatem

145 2537 211 2616 hoc
233 2565 345 2616 unum
356 2537 482 2644 facile
507 2535 608 2616 dictu
620 2535 806 2646 suppetit,
829 2536 926 2646 quod
939 2539 1074 2616 iterum
1093 2537 1294 2646 iterumque

145 2650 266 2756 repeti
286 2648 404 2753 debet,
422 2675 565 2757 nempe
590 2650 705 2728 Solem
724 2647 837 2759 ipstarn
855 2648 1020 2728 atrocius
1023 2649 1181 2755 fastum
1200 2677 1296 2728 nun-

145 2788 255 2869 quam
283 2759 476 2869 adspeuff7
502 2762 676 2841 alterurn.
736 2761 872 2840 Multa
901 2761 968 2841 Sol
996 2760 1162 2869 aspexit,
1191 2760 1293 2841 bone

146 2872 346 2981 magister,
376 2901 463 2982 quae
483 2874 702 2952 Bernardus
733 2901 811 2953 non
836 2872 949 2952 vidit.
1009 2872 1141 2952 Solem
1161 2893 1294 2952 autem

146 2986 292 3064 iterum
321 3004 438 3093 atque
468 2986 612 3065 iterum
641 3003 792 3095 repetas
822 2984 972 3081 licebit,
1000 2984 1040 3064 id
1067 3004 1109 3064 tu
1128 2986 1294 3092 quidem

147 3097 358 3204 prudenter
387 3096 540 3191 feceris,
560 3098 667 3206 quod
696 3125 775 3176 non
804 3096 933 3177 nostra
958 3095 1119 3202 flagitia,
1140 3096 1205 3176 [εά
1224 3097 1315 3177 de·-

146 3206 327 3289 fenfionis
348 3229 423 3289 tuae
441 3207 565 3316 frigus
584 3207 921 3289 vehementissime
940 3208 1166 3318 postulabit.
1216 3211 1294 3288 Re-

140 3348 246 3428 gum,
266 3323 411 3431 inquis,
431 3324 531 3429 origo
546 3350 628 3402 cum
648 3307 728 3401 Sole
746 3351 837 3402 novo
855 3321 979 3431 capit.
1039 3322 1112 3400 Dii
1132 3340 1185 3414 te,
1208 3321 1294 3399 Da-

145 3434 334 3542 masrppe,
361 3435 519 3542 deaeque
549 3433 711 3513 solstitio
740 3433 899 3527 donent,
926 3452 1070 3541 quote
1096 3432 1293 3526 calfacias,

145 3548 216 3654 qui
239 3573 288 3625 ne
313 3548 457 3657 pedem
484 3548 562 3627 fine
584 3547 691 3626 Sole:
711 3546 850 3654 nequis
870 3542 1021 3625 fortasse
1043 3564 1080 3625 te
1100 3544 1295 3625 umbrati-

144 3685 240 3738 cum
265 3659 466 3738 doctorem
486 3658 559 3739 effe
576 3660 694 3739 dieat.
754 3660 811 3737 At
830 3655 963 3736 hercle
982 3657 1101 3736 etiam
1122 3658 1163 3736 in
1183 3675 1295 3737 tene-

145 3769 224 3848 bris
254 3798 309 3862 es,
347 3772 418 3878 qui
445 3770 511 3876 jus
545 3773 717 3879 patrium
749 3767 773 3848 ὲ
810 3770 920 3877 regio
948 3795 1028 3848 non
1057 3769 1291 3877 distinguis:

144 3898 185 3960 et
209 3877 302 3961 cbm
336 3908 445 3989 reges
473 3883 611 3961 Patriae
641 3883 774 3962 Patres
797 3882 1074 3974 nominaveris,
1094 3881 1140 3960 ed
1162 3880 1293 3961 statim

144 3990 377 4102 metaphord
404 3992 622 4102 persuafisse
650 3994 789 4088 credis,
813 4013 856 4072 ut
884 3992 1076 4102 quicquid
1104 3993 1154 4073 de
1182 4011 1293 4101 patre

145 4132 224 4184 non
244 4107 486 4212 negaverim,
506 4106 547 4184 id
566 4103 756 4185 continub
775 4107 824 4185 de
844 4132 936 4213 rege
951 4133 1091 4185 verum
1106 4104 1180 4183 elle
1195 4131 1294 4184 con-

142 4218 296 4297 cedam.
356 4218 471 4296 Pater
495 4236 536 4296 et
559 4245 629 4297 rex
648 4216 898 4296 diverfiffima
921 4217 1020 4296 sunt.
1082 4218 1198 4296 Pater
1221 4244 1293 4296 nos

143 4330 306 4436 genuit;
336 4349 376 4408 at
404 4356 483 4408 non
511 4357 581 4409 rex
604 4356 688 4422 nos,
714 4328 777 4408 [εά
805 4355 875 4408 nos
898 4356 1035 4436 regem
1058 4329 1291 4410 creavimus.

143 4442 302 4521 Patrem
337 4460 473 4520 natura
506 4441 616 4520 dedit
646 4441 809 4550 populo,
848 4467 984 4548 regem
1016 4440 1096 4550 ipse
1123 4440 1293 4551 populus
1324 4515 1329 4523 .

142 4554 251 4633 dedit
289 4552 382 4646 fibi;
424 4581 502 4632 non
529 4552 625 4660 ergb
660 4581 732 4662 pro
762 4572 820 4632 ter
849 4579 985 4660 regem
1016 4553 1202 4663 populus,
1228 4552 1292 4634 [εά

139 4684 301 4775 propter
319 4665 516 4774 populum
534 4692 604 4744 rex
623 4665 704 4759 est;
726 4582 889 4745 idrimus
905 4684 1074 4774 patrem,
1090 4665 1292 4745 morosum

141 4781 262 4859 etiam
291 4795 332 4857 et
358 4777 519 4872 durum,
539 4775 703 4857 serimus
731 4795 771 4857 et
797 4804 957 4886 regem;
986 4777 1051 4858 sed
1070 4805 1119 4858 ne
1137 4797 1294 4888 patrem
