796 1583
276 288 389 314 Defenfio
402 289 516 314 Secunda.
642 300 664 320 ³¹
671 300 681 320 3

106 332 205 356 eximere,
212 333 307 353 debetur:
321 333 372 353 unde
384 333 438 353 enim
449 333 584 360 Francogallia
594 333 635 357 illa,
648 333 683 353 niti

107 367 134 380 ex
144 360 218 385 Gallia,
230 361 282 381 unde
292 361 381 381 vindiciae
390 366 458 381 contra
467 362 573 388 tyrannos?
588 362 623 389 qui
635 361 685 381 liber

107 388 170 408 etiam
184 389 242 409 Bezae
250 389 312 416 vulgb
321 389 421 413 tribuitur,
435 389 487 409 unde
497 390 530 410 alii
542 396 627 417 quorum
641 397 684 409 me-

108 417 170 436 minit
175 416 285 437 Thuanus?
296 422 316 437 tu
326 422 398 441 tamen,
405 417 458 444 quafi
465 424 503 444 ego
510 417 568 441 solus,
578 417 684 444 idstttagit,

108 445 184 472 inquis,
194 445 294 469 Mltonus,
306 452 360 472 ctqus
375 453 407 473 ego
415 445 532 473 piacularem
544 445 637 472 vqfimiam
649 450 685 477 pro

108 473 182 493 meritis
196 473 306 501 excepiffl’m.
335 474 369 494 Tu
385 480 433 493 exce
435 473 498 500 pisies,
515 473 610 494 furcifer?
630 473 685 500 cujus

109 500 186 521 nefaria
199 501 272 528 flagitia
287 501 301 521 fi
317 502 403 521 Ecclesia
418 481 451 521 illpa
463 501 651 533 Middelburgenfis,
666 506 685 521 te

108 529 186 557 pastore
195 529 274 549 infamis
282 534 302 549 et
309 529 387 552 infelix,
393 536 430 557 pro
436 529 511 549 meritis
517 530 689 562 excepiffet,jam-

109 557 188 577 dudum
196 562 215 577 te
222 558 295 578 samnae
301 557 419 577 mandaffet:
431 557 444 577 fi
454 564 490 585 pro
498 558 574 578 meritis
581 557 687 585 excepiss‘et

110 584 243 612 magistratus,
255 585 374 612 jamdudum
389 585 483 605 adulteria
497 585 586 613 patibulo
600 586 687 618 pendens

109 613 188 633 lmfl'es:
205 614 231 633 Et
243 613 326 634 luiturus
339 614 455 641 propediem
468 613 511 633 sane
527 614 609 637 videris;
623 614 687 640 evigi-

110 641 160 661 lavit
168 641 230 665 enim,
238 646 261 661 ut
270 642 332 662 audeo
341 648 411 669 nuper,
418 646 451 661 tua
462 641 495 661 illa
503 642 588 662 Ecclefia
597 642 687 661 Middel-

110 669 299 697 burgenfis‚suaeque
305 669 362 690 famae
367 669 534 696 consuluit,teque
540 670 687 697 caprimulgum

110 697 218 725 pastorem,
227 698 290 718 immo
299 697 378 718 hircum
387 698 453 725 potius
460 697 601 718 olentiffimum
609 697 687 725 ablega-

110 725 141 745 vit
155 725 180 745 ab
196 725 214 745 se
230 726 251 745 in
264 726 337 746 mulam
351 732 443 749 erucem;
463 725 509 745 hinc
524 730 545 745 et
559 726 687 752 Magistratus

110 753 301 774 Amstemdamenfis
315 754 416 781 pquitum
428 760 508 780 quoque
524 753 627 774 interdixit
643 753 688 777 tibi,

111 781 233 807 orchestram
241 787 303 806 tuam,
311 787 408 809 tuumque
415 781 464 802 illud
471 788 492 802 os
499 781 624 811 impudicum
631 788 655 801 eo
662 788 688 801 ex

111 809 158 830 loco
165 810 189 829 ad
196 809 293 830 summam
301 810 392 830 omnium
400 810 498 830 bonorum
505 809 573 830 offens
567 816 633 830 onem
640 816 688 829 con-

111 837 170 865 spici,
186 838 261 858 illam
255 839 339 870 impiam
353 845 424 858 vocem
435 838 499 858 vetuit
510 838 531 858 in
544 837 596 858 sacro
610 837 689 865 publice

111 866 189 886 audiri:
200 866 272 886 restat'
264 873 306 893 Jam
317 866 353 886 tibi
363 866 402 886 sola
409 866 523 886 Graecarum
533 866 634 886 literarum
642 872 689 893 pro-

111 893 177 917 feffio,
186 898 206 913 et
217 893 258 914 haec
269 901 349 921 quoque
361 894 415 914 brevi
427 894 534 921 eripienda,
548 899 616 921 praeter
629 901 689 913 unam

112 922 171 942 inam
180 921 265 945 literam,
272 922 327 949 cujus
334 929 372 942 non
381 921 483 949 profeffor,
490 922 521 942 sed
528 922 635 954 discipulus
642 929 690 942 mox

113 950 193 982 pensilis
206 950 279 970 meritb
293 950 370 970 futurus
381 957 409 970 es.
439 950 512 977 Neque
526 949 566 970 haec
579 951 638 970 iratus
654 950 690 969 tibi

112 978 201 1001 ominor,
212 978 244 998 sed
253 978 362 998 duntaxat'
354 985 386 1004 Jus
396 978 453 998 dico.
469 978 570 998 maledicis
581 978 635 997 enim
647 982 691 997 tan-

112 1011 158 1026 tum
169 1006 222 1026 abest
230 1011 251 1026 ut
259 1006 329 1027 talibus
337 1006 461 1026 offendamur
469 1006 532 1033 qualis
542 1011 563 1026 tu
573 1013 601 1029 es,
611 1010 633 1025 ut
643 1005 690 1025 tales

113 1034 193 1061 semper
202 1034 259 1054 nobis
264 1034 296 1054 vel
305 1039 430 1062 exoptemus,
439 1034 502 1054 immo
512 1034 577 1054 divina
587 1033 645 1061 plane
655 1033 690 1053 be-

113 1062 226 1082 nevolentia
232 1062 274 1082 fieri
280 1062 405 1085 arbitremur,
411 1067 433 1082 ut
453 1062 474 1082 ui
481 1062 501 1081 in
509 1069 544 1082 nos
550 1061 644 1082 acerrime
650 1061 690 1081 cla-

114 1090 220 1114 mitamnt,
236 1091 283 1111 mles
298 1090 421 1118 potiffimum
443 1097 512 1117 emper
527 1090 640 1113 πότοι-11ης
656 1089 692 1116 qui

114 1118 253 1139 maledicendo
260 1126 298 1139 non
305 1118 408 1142 infamant,
412 1118 443 1138 sed
450 1118 559 1141 honestant,
566 1118 598 1138 sed
604 1118 691 1141 laudant,

115 1154 163 1167 nam
179 1146 277 1167 laudando
289 1146 341 1167 certe
355 1146 505 1166 maledixiffent.
534 1146 572 1166 Sed
585 1146 692 1166 irruentem

115 1174 179 1195 modb
193 1175 242 1207 quid
255 1179 274 1195 te
288 1175 368 1195 retinuit
383 1179 423 1194 tam
437 1174 509 1195 fortem
522 1174 691 1197 homuncionem;

117 1203 148 1223 N
138 1203 163 1229 ſs
169 1202 465 1230 mihi‚'1nquis‚reltgtofufflt
457 1210 476 1222 m
485 1202 550 1229 magni
557 1202 643 1228 Salmaſsi
646 1207 693 1229 pro-

116 1230 199 1251 vinciam
208 1238 315 1254 excurrere,
322 1231 354 1251 cui
368 1230 415 1251 olida
423 1230 445 1250 de
451 1237 517 1257 magno
519 1230 594 1257 sctltcet
604 1229 693 1257 adverst-

117 1259 145 1279 ria
153 1258 236 1279 videris
245 1259 368 1286 relinquetur.
389 1258 492 1285 Siquidem
500 1264 520 1278 et
527 1258 560 1278 ille
568 1263 588 1278 et
596 1265 634 1285 ego
641 1264 694 1277 nunc

117 1293 203 1314 magnus
210 1287 246 1307 tibi
253 1287 328 1310 videor,
334 1293 358 1306 eo
366 1286 465 1306 diffieilior
475 1286 582 1313 provincia,
589 1285 694 1313 praesertim

118 1320 206 1338 mortuo,
212 1314 294 1335 fortassis
302 1322 343 1337 ero.
352 1314 376 1334 de
383 1314 471 1337 victoria,
479 1314 539 1334 modb
546 1314 615 1334 veritas
621 1314 693 1337 vincat,

117 1350 189 1371 parum
199 1342 300 1363 sollicitus.
313 1343 395 1362 Interim
405 1348 425 1362 tu
436 1342 536 1365 clamitas;
542 1341 684 1369 parricidium*
676 1349 694 1361 m
