2888 5204
151 194 231 269 2¹4
424 115 619 289 Joairnis
646 153 854 292 Philippi
879 160 1039 294 Angli

149 356 261 423 mus3
292 330 385 436 quia
403 327 498 409 cism
517 330 763 439 paciscimur,
780 333 873 415 talia
890 362 1108 448 nunquam
1125 365 1278 427 eventura

149 458 354 549 optamus3
384 468 471 548 quae
496 444 617 522 etiam
639 444 717 523 fine
736 445 900 553 monitis
922 448 1152 563 intelligere
1176 456 1279 567 petie

150 552 313 660 quisque
335 572 374 632 et
391 580 528 633 cavere
546 554 677 634 debet.
734 557 805 637 Tu
823 554 891 638 hic
907 562 1058 645 tritum
1078 567 1177 649 illud
1192 573 1281 677 ioge-

151 665 226 757 ris;
256 691 327 772 per
342 691 408 743 me
421 692 531 774 reges
543 685 729 775 regnant3
759 665 950 768 fatemur,
966 674 1071 758 ficut
1084 698 1285 793 etpereutt

151 772 251 867 sunt,
270 795 405 883 agunt,
425 796 465 855 et
483 798 691 858 moventur
708 782 868 862 omnia:
897 784 972 865 Tu
990 788 1098 872 modo
1109 791 1284 903 peccunt,

150 887 294 993 inquis.
354 888 436 982 Tu,
457 888 635 996 inquam,
656 891 705 969 de
729 910 797 972 tuo
816 890 895 975 hoc
912 896 1035 994 dicis,
1058 907 1286 987 autoritatem

148 997 258 1077 verbi
287 999 412 1079 divini
439 1000 590 1083 nullam
618 1001 746 1084 affers.
804 1004 990 1111 Subjicis,
1007 1014 1158 1127 alioqui
1169 1016 1290 1127 coifi!

150 1110 216 1190 illa
228 1128 423 1221 praecepta
442 1111 650 1194 obedientiae
668 1115 706 1194 in
724 1143 816 1197 novo
840 1114 1092 1227 Testamenta.
1143 1130 1287 1241 Qotiet

151 1223 224 1303 tibi
235 1222 542 1333 respondebitur,
550 1225 816 1309 obedientiam
826 1228 1040 1317 absurdam
1052 1258 1098 1320 et
1108 1240 1286 1323 irratione·

150 1335 274 1415 bilem
301 1338 342 1415 in
367 1363 469 1415 novo
494 1337 750 1419 Testamento
775 1367 855 1421 non
873 1348 1066 1457 pracipi3
1099 1351 1167 1435 sed
1183 1352 1285 1463 qualit

150 1476 209 1542 ea,
231 1469 270 1528 et
289 1448 446 1556 quibus,
466 1466 507 1528 et
524 1476 646 1556 quam
663 1450 715 1529 ob
734 1451 888 1533 causam
914 1458 1138 1564 praestanda
1166 1466 1223 1561 fit,
1237 1464 1285 1547 lu·

150 1559 409 1640 culentiffime
428 1560 574 1641 doceri.
632 1563 718 1672 Qi
736 1561 855 1645 habet
872 1593 1001 1665 aures,
1022 1576 1176 1659 audiat.
1200 1574 1287 1771 A&

149 1688 375 1779 repugnant,
410 1674 556 1780 inquis,
594 1673 883 1773 damnabuntur,
911 1682 1014 1789 quod
1030 1689 1180 1794 procul
1266 1688 1287 1777 ⁹,

149 1794 334 1893 nunquam
357 1785 568 1866 minaretur
597 1786 803 1896 Apostolus,
817 1790 863 1894 ſs
878 1791 1132 1900 privatorum
1157 1800 1284 1883 tantis

148 1898 326 1977 rationem
349 1899 415 1977 vel
426 1915 631 2006 paucorum
656 1899 851 1982 habuerat.
910 1905 1035 2015 Qafi
1061 1912 1161 1995 verb
1187 1912 1284 1995 multi

147 2010 289 2117 privati
316 2010 393 2089 fine
424 2011 733 2138 Magistratuum
763 2012 1002 2154 authoritate
1028 2020 1201 2107 seditiofi
1224 2024 1282 2107 effe

146 2120 699 2315 ttttltlsmttllttt}
716 2126 1029 2344 &iiiiii
1050 2134 1283 2333 iffi

148 2348 234 2426 Hoc
258 2349 388 2428 honore
415 2349 523 2427 Deus
543 2346 690 2428 diletios
704 2348 796 2455 steos
819 2349 1026 2450 decoravit,
1053 2377 1100 2439 ut
1131 2360 1282 2445 Gentis·

148 2460 268 2564 Reges
282 2459 442 2539 voculis
460 2478 679 2555 coercerent,
698 2478 768 2543 etc.
827 2463 875 2542 ld
893 2463 979 2545 fieri
997 2468 1102 2551 dicis
1122 2476 1283 2583 Evange-

147 2570 228 2651 licis
245 2601 314 2652 non
329 2569 507 2677 legalibus
525 2572 677 2652 eatenis.
723 2573 893 2683 Inlipide
913 2579 1084 2687 prorsus.
1126 2588 1196 2667 An
1211 2588 1283 2667 vin·

148 2684 250 2763 dieta
269 2684 364 2792 ergd
384 2683 434 2762 fic
454 2705 658 2764 exercetur
677 2685 717 2763 in
733 2689 897 2793 gentes?
944 2690 1012 2769 An
1032 2692 1171 2779 ferreae
1187 2724 1283 2780 com·

147 2797 265 2905 pedes
286 2796 492 2903 Evangelii
511 2796 666 2876 vincula
685 2797 798 2878 sunt?
832 2828 928 2906 quas
949 2802 1130 2889 Psalmus
1150 2810 1217 2891 ille
1232 2826 1304 2889 re·'

145 2907 261 3016 gibus
281 2927 321 2989 et
348 2906 570 3016 proceribus
594 2910 779 2990 minatur.
837 2912 905 2993 Tu
931 2910 1023 3009 hoc,
1044 2938 1092 2999 ut
1118 2921 1230 3019 soles,
1245 2920 1285 3001 de

146 3021 433 3113 Sacerdotibus,
454 3047 532 3099 non
559 3019 607 3100 de
629 3020 742 3102 bonis
768 3022 1068 3130 Magistratibus
1088 3050 1130 3112 et
1148 3034 1285 3146 populo

146 3135 317 3244 intelligi
330 3135 403 3226 vis,
419 3133 487 3241 qui
501 3132 724 3241 pontificale
738 3135 939 3241 quoddam
953 3166 1124 3248 regnum
1137 3165 1295 3227 tuorum·
1324 3150 1326 3161 '

146 3249 186 3327 in
206 3276 344 3329 omnes
364 3248 484 3327 laicos
504 3243 684 3337 futurum
703 3244 881 3331 somnias.
929 3249 1133 3356 Israe'litae,
1153 3260 1288 3368 inquit,

143 3362 231 3472 quia
249 3390 371 3469 regem
385 3354 597 3464 rejecerat}
618 3357 846 3465 Salmansore
864 3360 903 3440 in
923 3364 1201 3471 Captivitatem
1201 3370 1288 3480 stent

142 3473 304 3560 abducti,
362 3469 511 3583 Judaei,
524 3470 592 3579 qui
601 3470 686 3578 regi
702 3469 923 3552 Reheboamo
923 3474 1058 3581 fideles
1068 3482 1287 3591 manserant,

129 3586 207 3694 sub
238 3586 339 3667 illius
368 3584 489 3665 tutela
507 3583 643 3689 securi
671 3581 864 3663 vivebant.
923 3586 1150 3673 Historiam
1189 3595 1290 3677 sacre

145 3698 400 3810 Scripturaefi
425 3694 688 3789 consuluiffes,
707 3722 786 3775 non
810 3694 973 3784 nescires
998 3700 1289 3817 Hierosolymas

143 3811 212 3893 sub
237 3811 320 3922 ipso
345 3810 477 3889 statim
507 3805 813 3887 Rehoboamoi
841 3808 982 3895 Sesako
1010 3812 1290 3927 AEgyptiorum

145 3954 236 4034 rege
260 3940 405 4033 captas,
426 3939 465 4000 et
488 3917 698 4000 Thesauris
722 3920 797 4000 suis
822 3918 1015 4030 spoliatas,
1038 3923 1159 4038 longe
1217 3928 1290 4012 riiu

142 4035 264 4150 quim
285 4034 464 4118 Israe'litae
483 4034 524 4111 in
541 4032 810 4141 captivitatem
827 4033 1129 4120 abducerentur.
1179 3960 1291 4152 iero·

141 4153 263 4236 boemo
284 4153 392 4233 Deus
410 4146 526 4228 decem
545 4145 668 4225 tribus
686 4143 899 4252 afflgnavit,
912 4146 1010 4256 quod
1025 4147 1071 4229 de
1088 4154 1218 4262 vestra
1235 4186 1291 4237 re-

134 4267 227 4379 pub.
244 4264 344 4347 nobis
359 4290 427 4342 non
446 4258 596 4368 constat.
647 4259 752 4337 Tam
767 4256 893 4353 nobis,
905 4259 1086 4368 inquam,
1100 4265 1154 4346 de
1170 4268 1292 4349 nostra

141 4381 279 4491 repub.
311 4372 432 4491 quim
459 4373 570 4455 vobis
598 4371 646 4451 de
666 4369 792 4450 vestro
820 4371 990 4451 Carolo:
1023 4376 1162 4461 Immo
1179 4380 1292 4491 longi:
