2888 5204
153 202 228 255 102
424 168 516 258 Pro
542 160 727 296 Populo
753 158 1021 291 Anglicano

148 357 313 417 externo
341 365 434 446 rege
461 337 716 444 conjunxisse,
745 356 792 416 ut
823 364 960 444 regem
993 335 1110 417 suum
1142 333 1302 444 ejusque

150 448 324 557 posteros
346 477 469 557 regno
495 452 707 561 privarent,
725 450 880 528 bonum
900 469 943 529 et
967 448 1220 529 moderatum
1241 474 1305 526 re-

150 586 261 667 gem,
275 561 403 668 qualis
417 582 501 642 erat
514 561 731 654 Aetisanoe,
746 559 923 640 maluisse
937 579 1164 653 externum,
1180 555 1302 667 quim

151 692 363 779 tyrannum
376 673 652 753 domesticum.
681 673 812 752 Iidem
823 673 1005 781 AEgyptii
1014 670 1203 753 consensu
1213 696 1303 751 om·

151 786 264 863 nium
284 785 464 865 maximo
488 785 642 894 Aprien
665 804 876 892 tyrannum
902 783 1031 878 suum,
1049 782 1302 863 conductitiis

150 896 276 1004 copiis
287 896 568 1005 praefidentem,
579 897 681 976 duce
696 895 832 976 Amafi
851 896 986 1005 pmlio
1003 896 1156 976 viuum
1176 893 1302 975 stran-

150 1008 359 1115 gularunt3
388 1008 525 1089 Amafi
542 1008 629 1089 viro
642 1008 769 1088 nobili
785 1035 955 1116 regnum
970 1007 1178 1087 dederunt.
1208 1005 1303 1085 Hoc

151 1120 273 1199 etiam
292 1120 471 1215 adverte3
500 1120 654 1200 Amafia
671 1139 835 1229 captum
859 1146 998 1226 regem
1014 1118 1064 1199 ad
1083 1137 1242 1228 tempus
1258 1115 1301 1197 iu

148 1231 231 1339 ipsa
246 1232 354 1338 regia
372 1229 535 1312 honeste
551 1231 785 1311 afl'ervabat:
815 1231 1014 1311 incusante
1038 1226 1207 1311 demirm
1226 1256 1300 1339 po-

149 1343 262 1451 pulo,
280 1342 419 1448 injuste
437 1371 532 1423 eum
546 1341 675 1422 facere
689 1345 760 1451 qui
771 1341 885 1422 suum
898 1362 938 1422 et
955 1341 1130 1451 ipsorum
1144 1339 1300 1423 hostem

150 1455 285 1547 aleret,
299 1456 460 1534 tradidit
471 1455 622 1565 populo
634 1483 770 1563 regem
782 1485 794 1548 ;
824 1456 1002 1563 quicum
1012 1452 1300 1563 pradistosup-

148 1565 271 1673 plieio
289 1566 435 1646 affecit
492 1567 593 1647 Hac
606 1567 836 1647 Herodotus
854 1586 896 1646 et
913 1567 1131 1647 Diodorus.
1189 1562 1301 1673 Qid

149 1678 327 1869 {filli
343 1675 1301 1899 llllffil‘glllmrlffiffsfilffi

148 1899 219 1979 sub
230 1901 433 1982 Persarum
443 1902 659 2012 imperium
667 1901 997 2010 redediAEgyptii
994 1899 1142 2009 fideles,
1151 1899 1298 2009 inquit,

147 2013 316 2122 exstitere
326 2045 342 2107 ‚·
373 2015 497 2127 Qod
516 2013 760 2094 falfiffimum
778 2012 858 2108 est3
887 2015 930 2094 in
948 2011 1026 2094 fide
1040 2012 1148 2094 enim
1164 2010 1301 2093 Perfi-

146 2152 237 2204 rum
270 2152 476 2234 nunquam
510 2124 778 2234 permansere3
818 2123 882 2204 sed
911 2144 1053 2232 quarto
1081 2123 1169 2234 post
1196 2150 1299 2205 anno

148 2233 270 2342 quim
289 2237 436 2316 subacti
454 2235 477 2317 a
496 2235 691 2344 Cambysc
710 2237 881 2329 fuerant,
900 2235 1152 2316 rebellarunt.
1210 2238 1301 2316 Do·

146 2347 239 2425 miti
265 2346 407 2428 deinde
433 2345 456 2427 ὲ
483 2350 635 2442 Xerxe,
652 2349 759 2428 haud
785 2347 914 2428 multb
936 2345 1025 2457 pbst
1041 2347 1092 2427 ab
1115 2347 1200 2453 ejus
1218 2345 1300 2427 filio

146 2456 369 2539 Artaxerxe
386 2457 627 2555 defecerunt,
648 2487 785 2569 regem
814 2461 975 2539 lnarum
1001 2458 1202 2568 quendam
1230 2458 1298 2541 fibi

147 2567 404 2653 adsciverunt
461 2573 557 2680 Qo
582 2572 710 2652 occiso
736 2573 882 2651 iterum
912 2570 1033 2651 fidem
1061 2588 1236 2666 mutant,
1260 2588 1299 2651 et

146 2680 359 2761 constituto
383 2709 475 2789 rege
497 2680 639 2763 Tacho
667 2684 881 2763 Artaxerxi
907 2682 1124 2762 Mnemoni
1148 2682 1299 2765 bellum

148 2790 341 2873 indicunt.
400 2796 477 2875 Sed
490 2823 618 2903 neque
633 2794 701 2875 suo
714 2796 799 2902 regi
813 2793 1023 2888 fideliores,
1038 2793 1219 2874 ablatum
1230 2822 1299 2904 pa·

148 2922 206 2982 tre
226 2931 394 3011 regnum
413 2905 497 2988 filio
523 2905 759 2988 Nestanebo
783 2905 964 2986 tradunt:
995 2906 1121 2985 donec
1141 2906 1298 2986 tandem

147 3013 196 3093 ab
215 3019 437 3097 Artaxerxe
458 3016 578 3098 Ocho
603 3019 643 3099 in
662 3019 855 3097 ditionem
880 3015 1084 3097 Persarum
1110 3018 1297 3126 redigun-

147 3145 225 3207 tur.
284 3128 365 3208 Sub
389 3130 662 3210 Macedonum
688 3130 809 3209 etiam
837 3130 1019 3237 imperio,
1038 3148 1237 3237 quantum
1258 3130 1297 3208 in

147 3237 183 3317 se
208 3259 306 3334 erat,
336 3259 517 3349 tyrannos
546 3240 782 3322 coircendos
811 3239 884 3319 effe
909 3239 1022 3320 factis
1049 3240 1295 3334 indicarunt3

145 3349 287 3432 statuas
313 3373 354 3432 et
381 3354 573 3460 imagines
594 3353 796 3433 Ptolemaei
820 3350 1032 3457 Physcouis
1058 3351 1296 3457 dejecerunt,

145 3462 290 3570 ipsium
309 3466 550 3544 mercenario
567 3465 743 3545 exercitu
763 3463 1059 3574 praepollentem
1079 3462 1298 3545 interficere

144 3573 419 3680 nequiverunt.
477 3576 704 3656 Alexander
722 3575 804 3680 ejus
819 3574 924 3655 filius
935 3574 988 3655 ob
999 3574 1147 3654 cadem
1162 3576 1297 3656 matris

144 3685 333 3765 concursu
353 3686 492 3796 populi
511 3689 552 3766 in
571 3687 738 3767 exilium
759 3687 889 3794 agitur
905 3716 916 3766 t
947 3686 1079 3766 filium
1096 3687 1197 3767 item
1216 3687 1296 3795 ejus

143 3794 418 3877 Alexandrum
448 3795 675 3879 insolentius
703 3800 975 3880 dominantem
1003 3797 1296 3879 Alexandrinus

143 3907 313 4016 populus
332 3911 372 3988 vi
395 3910 603 4020 abreptum
625 3938 677 3990 ex
706 3911 814 4018 regia
839 3912 882 3990 in
910 3910 1112 4018 gymnasio
1134 3910 1297 4018 publico

144 4016 366 4100 interfecit:
398 4021 657 4103 Ptolemaeum
686 4022 857 4132 denique
887 4023 1061 4103 Auleten
1089 4021 1141 4103 ob
1169 4022 1296 4103 multa

144 4128 291 4237 flagitia
305 4159 427 4240 regno
441 4135 609 4243 expulit.
665 4131 1296 4245 Haectamnotacltmnonpoffit

141 4241 287 4323 nescire
306 4246 366 4325 vir
384 4244 535 4339 dubius,
555 4274 635 4327 non
654 4246 833 4326 debuerit
851 4246 922 4355 qui
942 4244 1023 4327 haec
1041 4246 1182 4327 docere
1201 4273 1296 4356 pro-

142 4351 310 4450 fiteatur,
330 4357 401 4473 qui
417 4356 538 4437 fidem
554 4358 670 4440 tantis
687 4359 728 4438 in
744 4358 858 4439 rebus
874 4356 1010 4439 haberi
1025 4357 1096 4439 fibi
1109 4357 1295 4469 postulet,
