2888 5204
287 562 290 567 ’
333 541 575 645 Defensio.
620 528 742 685 Cap,
771 579 816 675 5.
1085 568 1156 670 ''99'

127 721 316 803 doetrinae
327 722 478 834 pestem
490 725 539 805 ad
557 721 742 834 Riphaeos
754 726 931 819 ultimos,
946 744 987 805 et
1005 704 1153 834 glaciass

124 860 300 930 coenum,
314 864 396 944 quo
415 856 455 917 te
471 838 512 916 in
529 838 678 917 malam
695 866 780 917 rem
796 838 901 918 abire
921 867 990 948 par
1006 837 1076 931 est,
1093 855 1152 916 te·

124 944 264 1028 tuseraa
286 949 448 1030 licebit:
480 949 682 1059 Exemplo
706 951 877 1058 denique
902 950 990 1030 sunt
1007 949 1158 1057 Angli,-

124 1058 275 1140 arolum
293 1080 504 1170 tyrannum
520 1061 625 1140 bello
645 1080 820 1172 captum,
839 1080 880 1142 et
896 1061 1150 1142 insanabilem

124 1190 295 1252 ncarunt.
337 1176 395 1254 At
408 1173 562 1280 infidam
580 1170 806 1281 beatamstab
824 1173 988 1282 regibus,
1003 1192 1041 1254 et
1056 1173 1150 1253 luxu

124 1300 200 1363 'tem
209 1283 395 1390 discordiis
405 1284 674 1394 deformarunt.
725 1284 817 1365 Imb
831 1286 929 1366 luxu
945 1283 1046 1396 pene
1058 1312 1149 1396 per-

135 1423 218 1504 quo
233 1396 458 1478 tolerantior
476 1397 668 1478 servitutis
688 1397 988 1493 circumductis
1007 1397 1149 1478 deinde

124 1525 213 1602 rs,et
224 1510 446 1619 mancipata
460 1509 905 1617 religione,servientem
917 1511 1146 1590 liberarunt.

124 1638 214 1699 rtem
229 1622 403 1730 Epicteti
421 1649 517 1702 cum
532 1622 739 1730 Simplicio
754 1623 962 1716 editorem,
980 1620 1148 1702 stoicum

124 1731 283 1826 limum,
303 1735 370 1813 cui
389 1735 483 1813 luxu
500 1734 651 1844 rrſjsuens
670 1732 789 1840 irfiaela
807 1734 919 1814 beata
945 1731 1020 1812 esse
1039 1730 1150 1813 vide·

142 1845 209 1923 Ex
225 1846 380 1954 porticu
395 1847 568 1926 Zenonis
586 1873 789 1954 nunquam
809 1846 884 1925 tale
900 1844 955 1925 sat
971 1844 1064 1938 scio,
1076 1843 1148 1922 do-

124 1974 230 2035 ntum
244 1957 403 2065 prodiit.
445 1958 557 2068 Qid
573 1955 719 2037 refert?
748 1986 796 2036 an
810 1976 848 2037 te
863 1958 1022 2037 doctore
1034 1956 1148 2064 quic·

124 2066 216 2148 libet
237 2069 395 2175 regibus
415 2069 565 2164 licebit,
591 2069 665 2148 tibi
685 2068 755 2178 ipsi
779 2096 859 2150 non
884 2070 1021 2149 licebit
1040 2066 1148 2177 Lupi

124 2206 160 2259 ιο
178 2208 230 2260 ex
249 2181 449 2290 Lupanari
468 2200 552 2276 tuo,
573 2198 761 2289 tanquam
781 2209 831 2260 ex
852 2209 954 2261 novo
973 2179 1148 2289 quodam

126 2317 407 2402 quamcunque
427 2292 525 2373 libet
539 2293 720 2374 emittere
737 2290 1057 2402 philosophiam?
1082 2289 1147 2369 sed

124 2428 148 2483 e
172 2429 279 2483 nunc
300 2432 423 2513 quam
447 2405 643 2514 suscepisti
664 2403 884 2515 personam.
943 2405 1148 2511 Nunquam

124 2514 252 2624 brege
263 2532 412 2596 tantum
426 2516 572 2597 cruort's
585 2516 751 2625 haustum
764 2515 827 2626 <sb
841 2533 899 2596 tot
902 2514 1072 2623 familia
1084 2512 1148 2593 de·

131 2656 148 2719 ,⁰
186 2628 282 2708 Hoc
313 2646 444 2709 totum
474 2628 621 2708 Carolo
654 2629 934 2738 imputandum
964 2626 1035 2721 est,
1067 2651 1147 2705 non

124 2766 164 2834 s:
198 2740 269 2848 qui
293 2742 513 2820 exercitum
540 2741 853 2820 Hibernicorum
876 2736 985 2850 pribs
1011 2740 1051 2819 in
1075 2763 1146 2818 nos

124 2870 208 2946 erat,
229 2878 366 2932 omnes
385 2854 586 2934 Hibernos
609 2852 810 2959 conjurare
833 2872 969 2933 contra
992 2850 1146 2958 Anglos

124 2961 161 3041 se
179 2962 396 3073 diplomate
412 2964 595 3072 jusseram
626 2992 696 3074 per
715 2964 803 3044 illos
824 2965 974 3046 ducena
991 2963 1147 3043 circiter

133 3075 361 3182 Anglorum
373 3074 453 3156 und
468 3079 509 3157 in
521 3076 723 3185 provincia
739 3076 906 3156 Ultonia
923 3075 1144 3166 occiderat;

124 3185 451 3293 .qu1smhrld1co;
480 3189 593 3268 binos
605 3189 800 3268 exercitus
813 3189 854 3268 in
867 3188 1038 3268 exitium
1052 3187 1146 3266 Par·

124 3299 158 3377 ti
184 3299 398 3407 Anglicani
428 3299 610 3408 urbisque
640 3300 813 3379 Londini
845 3300 1142 3381 sollicitaverat:

138 3409 214 3490 alia
232 3410 425 3491 hostiliter
443 3410 602 3505 fecerat,
630 3410 855 3521 priusquam
873 3409 896 3491 d
912 3411 1063 3521 populo
1080 3425 1148 3488 aut

124 3520 285 3602 tutibus
305 3524 457 3603 tuendae
478 3523 651 3633 Reipub.
680 3523 796 3603 causa
820 3523 883 3602 vel
906 3550 1007 3603 nnus
1031 3520 1146 3600 miles

124 3633 236 3744 iptus
256 3633 362 3715 esset.
424 3641 526 3747 Qae
544 3634 736 3729 doctrina,
756 3664 842 3745 quae
866 3636 946 3727 lex,
966 3661 1053 3743 quae
1074 3659 1147 3711 un-

141 3745 282 3854 religio
305 3746 356 3826 fic
379 3744 560 3827 homines
580 3748 761 3841 instituit,
782 3767 826 3826 ut
845 3747 927 3825 otio
946 3744 1147 3826 consulen-

125 3876 171 3937 ut
185 3860 377 3967 pecuniae,
397 3876 442 3938 ut
460 3858 652 3968 sanguini,
667 3879 712 3938 ut
727 3861 815 3938 vitae
833 3856 965 3968 potius
984 3884 1146 3969 parcen-

124 3967 181 4048 :ffe
192 3969 395 4065 ducerent,
408 3968 529 4079 quim
541 3969 643 4050 hosti
655 3970 813 4050 obviam
824 3972 1021 4051 eundum?
1052 3997 1144 4050 nam

124 4108 159 4161 ιο
170 4109 220 4161 an
231 4082 428 4178 intestino,
441 4081 537 4192 quid
550 4080 735 4162 interest?
764 4110 859 4163 cum
872 4083 1049 4163 interitus
1066 4084 1145 4163 rei·

124 4192 180 4272 ive
195 4191 349 4288 abhoc,
363 4194 439 4273 five
456 4195 504 4274 ab
516 4195 587 4275 illo
601 4194 775 4275 funestus
790 4193 914 4302 aequd,
928 4215 969 4276 et
982 4195 1144 4275 acerbus

124 4305 234 4384 rdeat.
284 4306 398 4386 Vidit
412 4325 516 4387 totus
530 4307 646 4386 Israiil
664 4334 743 4385 non
757 4306 860 4416 posse
876 4306 913 4386 se
926 4307 1003 4386 fine
1016 4306 1144 4386 multo

124 4420 179 4497 ine
198 4418 347 4497 Levitae
364 4445 531 4498 uxorem
556 4419 690 4529 stupro
708 4423 886 4499 enectam
907 4418 1063 4515 ulcisci3
1093 4444 1144 4496 an

143 4528 423 4636 quiescendum
455 4531 525 4611 srbi
554 4531 629 4611 esse
660 4531 789 4626 duxit,
821 4558 870 4610 an
900 4530 1005 4610 bello
1034 4528 1144 4608 civili

124 4641 175 4720 ris
208 4642 534 4723 truculentiffimo
568 4641 907 4752 supersedendum,
942 4669 991 4722 an
1024 4664 1144 4719 unam

142 4753 419 4835 mulierculam
447 4756 550 4834 mori
572 4754 741 4835 inultam
762 4754 822 4838 est
840 4752 992 4863 passus?
1024 4746 1144 4830 Certe
