2888 5204
351 552 531 646 Contra
555 547 881 648 Alexandrum
907 556 1121 649 Morum.
1227 591 1248 671 3
1256 587 1307 671 39

146 721 200 802 ab
221 721 345 802 altera
365 723 410 804 fit
429 723 757 818 interdicendum,
777 744 822 805 ut
841 745 969 806 morte
990 729 1111 807 eriam
1130 726 1305 806 multan-

100 912 113 919 ..
147 833 225 915 dus
252 834 313 927 fit,
341 836 384 915 ni
414 836 515 915 intra
545 836 628 918 dies
655 835 883 944 quindecim
911 839 998 947 post
1022 839 1304 920 denunciatum

146 945 221 1027 fibi
240 945 446 1027 disceffum
465 947 626 1029 sarcinas
646 949 877 1056 collegerit?
907 951 1301 1059 Haeccine,1nquam,

100 1118 116 1145 ,-
149 1057 230 1137 fine
247 1078 358 1139 metu
375 1087 419 1139 ac
436 1059 693 1169 trepidatione
714 1061 851 1141 audis?
881 1063 993 1169 quifi
1010 1061 1130 1144 hostis
1145 1063 1221 1143 effe
1236 1080 1304 1145 aut

100 1166 118 1267 .j
148 1168 264 1250 fuiffe
284 1168 599 1281 deprehenderis,
620 1170 765 1282 ndsque
792 1193 836 1253 ut
854 1174 958 1255 viros
977 1173 1096 1256 fortes
1113 1175 1303 1268 decet,1n

100 1314 112 1375 2·
148 1281 340 1363 sententia
359 1282 618 1391 perfistemus,
637 1313 764 1393 neque
791 1287 973 1365 articulos
998 1288 1139 1367 otiosos
1158 1288 1206 1366 ad
1226 1314 1301 1366 nu-

100 1382 310 1507 {merum
324 1395 515 1477 duntaxat
525 1397 832 1506 composuimus,
847 1397 916 1477 ubi
932 1418 998 1478 tua
1013 1398 1081 1478 illa
1096 1399 1301 1526 stipendia,

100 1470 115 1583 i
146 1524 190 1587 et
219 1506 414 1587 sacrarum
438 1507 707 1590 Historiarum
733 1508 1013 1619 professiones?
1043 1511 1107 1590 cui
1138 1511 1186 1589 de
1222 1528 1302 1590 tota

107 1608 219 1697 illa
249 1619 438 1699 ditione
426 1638 527 1699 rutra
557 1649 700 1730 paucos
731 1621 812 1700 dies
838 1620 1107 1701 decedendum
1133 1623 1231 1714 erit;
1262 1640 1302 1700 et

100 1729 294 1833 palitiis
310 1731 512 1825 Historiis,
530 1731 596 1813 illa
615 1733 702 1812 vitae
721 1751 795 1812 tuae
814 1732 946 1812 fabula
965 1732 1196 1841 nequissima
1215 1731 1300 1810 nes-

100 1838 214 2003 {cio
235 1841 419 1950 quibus
408 1871 449 1920 ιιι
476 1845 586 1924 terris
617 1844 849 1953 peragenda
955 1844 1014 1923 uis
1043 1845 1151 1923 enirn
1179 1840 1300 1923 hostis

100 2010 110 2165 p
100 1930 279 2033 inoster
294 1955 421 2063 magis
435 1955 616 2067 publicus
631 1957 687 2036 est
702 1956 902 2050 dicendus,
917 1984 1037 2064 quam
1053 1958 1084 2037 is
1088 1986 1184 2066 ,qur
1172 1954 1299 2034 libro

147 2061 432 2146 famofiffimo
421 2094 463 2144 ιιι
478 2061 619 2174 vulgus
639 2067 745 2147 edito
765 2085 888 2148 totam
907 2068 1064 2175 Angliae
1080 2067 1297 2176 Rempubl.

100 2110 106 2297 i
146 2174 478 2258 inhumaniffimis
496 2180 708 2259 verborum
731 2179 981 2260 contumeliis
1006 2180 1218 2309 proscindit
1239 2198 1300 2259 at-

100 2300 104 2369 l
146 2314 228 2395 que
247 2289 436 2370 dilaniat?
466 2290 676 2386 latrocinii,
696 2291 823 2385 caedis,
844 2291 1167 2400 perduellionis,
1156 2292 1300 2400 rmpie-

100 2436 111 2509 35.
147 2400 256 2495 tntis,
288 2403 501 2510 parricidii,
525 2401 652 2483 immo
678 2430 780 2483 novo
810 2401 963 2511 prorsus
993 2402 1184 2483 vocabulo
1214 2402 1300 2481 dei-

146 2511 247 2593 cidii
283 2511 449 2594 demiun
487 2514 659 2610 incusat;
693 2541 831 2594 omnes
861 2515 1078 2622 Principes,
1114 2514 1300 2622 Populos,

100 2626 107 2707 j·
148 2623 347 2705 Nationes
365 2627 407 2705 in
425 2653 507 2718 nos,
528 2645 715 2735 tanquam
729 2629 769 2707 in
784 2625 955 2706 monstra
974 2653 1019 2705 ac
1035 2625 1160 2755 pestes
1179 2652 1300 2732 gene-

148 2734 205 2816 ris
223 2732 388 2817 humani
407 2737 455 2817 ad
476 2766 597 2833 arma,
618 2757 812 2846 quantum
830 2738 872 2816 in
892 2736 928 2817 se
949 2737 1019 2831 est,
1039 2739 1232 2831 concitat;
1263 2754 1303 2816 et

100 2916 105 2923 .
145 2847 257 2955 quafi
277 2848 326 2929 ad
341 2876 556 2931 commune
576 2869 693 2958 atque
713 2848 865 2929 sacrum
885 2848 1035 2929 bellum
1062 2850 1174 2930 nobis
1197 2847 1300 2928 infe·

146 2958 319 3040 rendum
337 2959 544 3042 hortatur?
602 2963 728 3041 Hunc
752 2982 795 3040 tu
822 2960 1029 3041 confecisse
1057 2961 1204 3041 librum
1229 2960 1299 3040 nifi

146 3071 401 3179 pertinaciter
419 3100 596 3180 negares,
611 3073 741 3154 nullus
760 3100 864 3153 nunc
884 3073 993 3154 locus
1008 3073 1238 3153 consistendi
1253 3074 1301 3152 iis

145 3182 191 3261 in
211 3182 307 3264 locis
327 3184 400 3264 tibi
419 3185 525 3265 esset.
585 3187 694 3265 Cum
720 3185 843 3293 igitur
868 3186 941 3264 tibi
969 3206 1051 3265 tam
1070 3186 1116 3265 fit
1134 3186 1298 3265 omnino

146 3295 414 3403 periculosum
433 3296 562 3389 fateri,
582 3325 677 3377 cum
705 3297 987 3376 incolumitatis
1006 3316 1046 3376 et
1064 3297 1299 3376 commodo-

146 3432 240 3485 rum
260 3424 434 3502 tuorum,
446 3436 492 3488 ac
511 3436 634 3534 prope
655 3408 785 3488 salutis
805 3426 886 3488 tam
902 3406 1187 3487 vehementer
1175 3425 1298 3487 inter-

144 3517 194 3597 fit
213 3516 360 3600 librum
381 3518 556 3600 istum
523 3547 687 3625 ejurare,
707 3548 777 3599 cur
801 3539 868 3599 tua
894 3519 1049 3599 inimici
1075 3535 1115 3597 et
1145 3518 1298 3627 impro-

145 3628 293 3711 biflimi
317 3629 493 3711 hominis
518 3634 676 3738 negatio
700 3651 835 3711 contra
861 3629 1011 3711 samam
1040 3629 1297 3724 constantem,

143 3740 276 3823 immo
295 3742 389 3823 vero
407 3743 516 3851 quod
541 3745 629 3852 plus
648 3742 718 3837 est,
745 3762 881 3822 contra
899 3761 957 3823 tot
980 3741 1191 3822 hominum
1212 3741 1298 3822 satis

146 3852 447 3963 perspicacium,
467 3876 508 3934 et
533 3855 754 3935 amicorum
784 3853 935 3963 aliquot
960 3871 1120 3934 tuorum
1139 3853 1297 3962 opinio·

144 3992 241 4045 nem
260 3966 387 4047 valere
412 3967 567 4060 debeat,
587 3994 666 4046 non
685 3967 816 4045 video.
874 3970 932 4046 At
957 3966 1066 4046 enim
1086 3965 1198 4058 dicis,
1218 3992 1299 4046 non

144 4095 185 4158 te
204 4076 332 4157 solum
352 4079 525 4187 negaffe3
557 4077 698 4158 testem
721 4076 864 4157 habere
892 4075 1131 4158 reverendum
1152 4076 1298 4206 antisti-

143 4207 219 4269 tem
238 4191 430 4285 Ottonum,
443 4191 512 4299 qui
532 4190 787 4270 clariffimum
805 4190 997 4269 Duraeum
1015 4187 1244 4270 admonuerrt
1261 4208 1298 4270 te

139 4300 247 4382 illius
264 4300 358 4382 libri
367 4332 437 4383 non
455 4301 521 4412 effi
538 4305 736 4397 amorem,
744 4300 826 4407 fibi
839 4301 953 4410 prob>
972 4320 1094 4381 notum
1113 4305 1298 4382 auctorem

144 4413 251 4521 longe
268 4414 396 4495 alium.
457 4417 595 4522 Itaque
612 4442 662 4493 ex
682 4413 770 4521 ipfis
782 4412 918 4494 Duraei
937 4413 1060 4493 literis
1081 4412 1297 4509 ostendam,

143 4552 275 4634 neque
307 4524 430 4635 probe
464 4525 542 4606 hoc
573 4525 717 4606 novisse
751 4527 965 4619 Ottonum,
998 4553 1125 4633 neque
1160 4523 1298 4605 testem

141 4635 310 4718 omnino
329 4637 420 4733 effe,
432 4638 496 4719 vel
515 4638 640 4746 srquid
660 4637 833 4732 testatur,
848 4666 900 4718 ex
919 4666 966 4717 eo
986 4636 1095 4718 reddi
1115 4653 1153 4715 te
1170 4636 1299 4716 multo

140 4745 267 4857 quam
287 4767 402 4832 antea
420 4749 710 4860 suspectiorem.
