2888 5204
143 580 196 658 60
418 564 510 654 Pro
535 538 720 692 Populo
745 557 1028 689 Anglicano'

142 767 220 819 non
235 736 440 845 potestates
456 733 722 844 quascunque,
735 735 799 816 sed
816 734 1029 843 legitimas,
1045 755 1164 845 prout
1174 738 1297 819 etiam

144 847 246 930 infra
264 847 555 941 describuntur;
578 847 723 927 neceffe
743 847 799 927 est
821 847 987 955 intelligi
1005 848 1215 957 potestates
1234 851 1297 958 ip·

146 963 214 1054 sas,
240 988 318 1040 non
342 961 494 1068 semper
513 987 579 1038 eos
601 961 671 1068 qui
697 960 911 1067 imperium
930 960 1126 1041 obtinent.
1185 961 1299 1042 Hinc

145 1072 317 1155 dilucide
338 1070 652 1179 Chrysostomus,
672 1071 776 1179 Qud
793 1070 884 1152 ais?
913 1074 1058 1180 inquit,
1078 1073 1194 1185 omnis
1212 1102 1298 1181 ergo

139 1186 314 1296 princeps
332 1183 357 1264 ὰ
378 1186 459 1264 Deo
479 1184 693 1291 constitutus
711 1183 793 1292 est?
822 1213 890 1263 non
914 1183 1017 1265 dico:
1044 1214 1113 1265 non
1139 1186 1234 1266 eninr
1255 1184 1299 1265 de

145 1297 274 1408 quovis
293 1297 478 1405 principe,
494 1295 569 1402 std
581 1296 623 1376 de
641 1295 717 1404 ipsa
736 1325 778 1375 re
797 1296 962 1405 loquitur
976 1298 1199 1407 Apostolus,·
1228 1326 1299 1378 non

146 1410 250 1502 dicit,
264 1438 332 1489 non
341 1410 515 1517 princeps
526 1408 595 1512 πᾷ
610 1406 635 1486 ὰ
652 1411 748 1501 Deo,
756 1407 830 1513 ſsd
840 1437 909 1488 non
924 1408 973 1516 est
986 1409 1155 1519 potestas.
1197 1410 1298 1490 Haec

148 1519 460 1628 Chrysoslomus.
491 1522 587 1625 Qeae
604 1539 727 1599 auten
739 1520 935 1629 potestates
937 1520 1049 1626 stent,
1068 1520 1298 1627 dDeostrnt

146 1633 341 1714 ordinatae.
402 1634 618 1737 Legitimos
635 1659 730 1738 ergo
749 1633 832 1710 vult
852 1631 918 1711 hle
936 1634 1106 1741 intelligi
1121 1635 1300 1743 Aposto-

148 1747 231 1840 lus;
260 1746 410 1824 malum
430 1746 538 1823 enim
558 1763 598 1822 et
617 1743 775 1837 vitium,
798 1740 893 1823 clim
912 1747 1040 1824 ataxia
1059 1747 1120 1840 srt,
1141 1773 1221 1826 non
1241 1746 1300 1827 est

147 1879 191 1938 ut
212 1857 325 1965 poffit
344 1858 527 1949 ordinari,
545 1874 584 1934 et
602 1854 675 1935 esse
693 1856 806 1935 fimul
818 1855 1014 1940 vitiosum.
1072 1858 1168 1938 Hoc
1186 1861 1298 1939 enim

147 1972 226 2049 duo
245 1969 358 2048 fimul
373 1969 564 2047 contraria
580 1969 707 2076 ponit,
722 1969 829 2048 taxin
844 1987 885 2048 et
903 1973 1071 2049 ataxian.
1112 1972 1211 2076 Qus
1223 1999 1297 2051 au-

146 2101 219 2162 ten
234 2081 344 2187 stent,
376 2080 428 2158 ita
458 2082 718 2188 interpretaris
737 2108 782 2160 ac
803 2079 830 2159 fi
849 2081 1058 2175 diceretur,
1088 2110 1171 2190 quae
1197 2111 1299 2165 nunc

132 2194 253 2300 stent;
279 2221 359 2301 quo
380 2189 534 2272 facilibs
555 2192 717 2300 probare
740 2191 853 2301 poffis
873 2194 993 2273 etiam
1014 2194 1186 2287 Neroni,
1209 2196 1296 2304 qui,

147 2325 192 2387 ut
218 2306 403 2414 opinaris,
433 2323 527 2384 tunc
555 2304 769 2412 imperauit,
800 2306 1001 2387 Romanos
1024 2307 1296 2414 obtemperare

147 2417 342 2512 debuisse3
374 2417 500 2496 nostri
520 2414 606 2496 sane
626 2416 728 2495 bonai
747 2418 886 2496 venia:
916 2415 1038 2526 quam
1060 2418 1171 2498 enim
1189 2419 1296 2499 voles

146 2533 194 2611 de
215 2530 434 2638 Anglicand
450 2529 588 2636 repub.
606 2527 709 2608 male
723 2529 860 2608 sentias
877 2530 918 2609 in
934 2558 980 2610 ea
994 2551 1127 2611 tamen
1142 2531 1294 2639 Anglos

145 2642 388 2751 acquiescere
408 2640 563 2735 debere,
577 2642 767 2749 quoniam
786 2671 883 2722 nunc
902 2643 963 2751 ιβ,
984 2662 1024 2722 et
1037 2641 1064 2722 a*
1077 2645 1175 2736 Deo,
1195 2641 1294 2723 ordi·

145 2775 276 2847 natur,
302 2771 347 2832 ut
372 2753 545 2833 Neronis
570 2753 668 2832 olim
693 2754 925 2861 imperium,
960 2754 1107 2834 necesse
1133 2752 1293 2836 habebis

145 2868 373 2947 concedere.
434 2866 579 2972 Neque
605 2867 713 2944 enim
734 2867 847 2946 Nero
872 2863 1003 2946 minias
1026 2864 1148 2975 quam
1167 2867 1293 2948 Tibe·

147 2980 227 3059 rius
240 2978 385 3059 artibus
399 2977 533 3056 matris
546 2977 735 3087 imperium
751 2977 848 3058 nihil
861 2978 914 3058 ad
913 2978 960 3084 st
971 2978 1163 3087 pertinens
1174 3007 1293 3060 occu·

146 3110 318 3199 paverat,
339 3118 387 3169 ne
407 3088 586 3195 legitime
607 3108 763 3199 parturn
780 3087 891 3170 fuiffe
908 3090 1152 3200 respondeas.
1200 3097 1293 3204 Q)

146 3202 363 3282 sceleratior
383 3220 422 3280 et
440 3202 624 3280 doctrinae
644 3205 867 3282 retraetator
884 3201 963 3310 ipse
983 3223 1072 3295 tuae,
1089 3206 1291 3285 Romanos

146 3313 325 3424 potestati
344 3342 430 3422 quae
450 3333 543 3393 tunc
563 3314 639 3392 fuit
659 3312 846 3418 subjectos
866 3313 939 3394 esse
959 3317 1030 3408 vis,
1046 3317 1202 3424 Anglos

18 3470 23 3478 ·
146 3428 271 3507 testati
290 3454 376 3534 quae
395 3453 499 3505 nunc
518 3425 587 3520 est,
608 3425 796 3531 subjectos
816 3425 889 3505 esse
909 3454 987 3505 non
1008 3427 1080 3507 vis.
1140 3429 1291 3509 Verum

146 3539 261 3618 nullae
279 3540 318 3617 in
340 3536 415 3617 hoc
435 3538 529 3617 orbe
550 3558 741 3618 terrarum
762 3566 821 3617 res
840 3539 925 3617 doae
944 3538 1111 3647 magiae
1134 3542 1291 3649 regione

145 3651 306 3732 adversa
336 3650 406 3730 fibi
431 3650 532 3743 sunt,
559 3648 681 3758 qudm
711 3671 753 3729 tu
781 3651 1033 3758 nequissimus
1058 3653 1291 3759 nequiffimo

146 3766 298 3872 semper
326 3761 408 3841 ferd
433 3762 609 3842 adversus
641 3791 681 3842 es
714 3764 799 3843 tibi.
860 3764 971 3872 Qid
1007 3782 1140 3843 autem
1175 3763 1290 3845 facies

148 3876 289 3954 miser?
318 3876 499 3953 acumine
528 3873 604 3954 hoc
624 3896 693 3955 tuo
713 3903 847 3982 regern
868 3874 1154 3955 adolescentem
1179 3874 1290 3985 pland

130 3984 366 4096 'perdidisti;
395 3986 443 4064 ab
463 3986 542 4093 ipsa
562 3989 668 4066 enim
690 4007 756 4066 tua
777 3988 961 4067 sententia
986 3988 1232 4097 extorquebo
1251 4007 1292 4067 ut

146 4098 316 4191 fatearis,
344 4097 445 4177 hanc
469 4098 701 4207 potestatem
725 4101 765 4178 in
794 4099 954 4207 Anglia,
979 4128 1065 4208 quae
1095 4129 1202 4181 nunc
1223 4101 1290 4192 est,

145 4209 167 4290 ὲ
187 4213 278 4290 Deo
297 4212 517 4289 ordinatam
542 4210 638 4305 esse;
664 4230 781 4320 atque
800 4240 937 4291 omnes
959 4212 1122 4321 proinde
1141 4212 1292 4321 Anglor

145 4325 247 4403 intra
270 4323 441 4429 ejusdem
469 4324 693 4431 reipublicae
719 4324 813 4404 fines
837 4326 968 4403 eidem
995 4323 1177 4432 potestati
1204 4325 1290 4404 sub·

139 4436 263 4543 jectos
284 4434 357 4515 esse
377 4435 532 4514 debere.
563 4439 767 4517 Attendite
780 4439 902 4544 igitur
923 4436 1079 4530 Critici,
1092 4454 1133 4516 et
1153 4464 1291 4519 manus

144 4549 348 4641 abstinete,
363 4547 535 4627 Salmafii
551 4576 650 4628 nova
665 4547 746 4628 haec
763 4549 986 4629 emendatio
1005 4550 1061 4629 est
1076 4549 1116 4627 in
1131 4548 1292 4658 epistola

144 4663 192 4743 ad
209 4664 435 4755 Romanos3
467 4688 544 4739 non
559 4688 645 4768 quae
665 4662 752 4740 sunt
770 4662 991 4771 potestates,
1005 4660 1080 4769 ſsd
1092 4690 1179 4771 quae
1196 4690 1292 4743 nunc

141 4775 299 4882 exssunt
325 4773 434 4855 reddi
460 4772 601 4853 debere
622 4775 843 4868 adinvenit;
876 4794 919 4853 ut
950 4773 1104 4854 Neroni
1129 4794 1291 4882 tyranno
