2888 5204
146 209 225 287 290
430 175 520 264 Pro
548 164 731 300 Populo
759 162 1029 296 Anglicano

145 342 262 423 fastus
276 344 485 423 detumuit.
537 345 596 422 Ut
615 339 794 454 primirm
809 341 997 448 loquendi
1015 340 1157 419 saltem
1171 354 1285 445 coepta
1335 398 1338 425 ,

146 457 202 535 est
221 455 378 537 libertas
394 455 573 549 concedi,
593 455 727 534 omnia
751 454 792 532 in
810 451 1026 563 Episcopos
1043 451 1190 561 aperiri
1207 476 1284 539 0123

147 568 214 647 alii
234 568 282 647 de
302 568 476 677 ipsorum
493 568 612 660 vitiis,
634 566 701 645 alii
716 567 765 645 de
785 566 903 677 ipslus
921 565 1073 646 ordinis
1092 564 1191 644 vitio
1204 586 1286 640 con·

148 681 276 786 queri,
302 681 487 788 iniquum
517 679 607 773 etse,
635 679 672 757 se
699 676 797 757 solos
828 678 877 757 ab
903 677 1076 758 ecclesiis
1102 672 1287 763 omnibus,

149 811 346 899 quotquot
372 790 589 872 reformatae
618 791 719 882 sunt,
749 789 980 898 discrepare,
1004 787 1196 897 exemplo
1221 782 1287 865 fir·

150 924 272 996 trum,
286 904 349 983 sed
362 907 537 983 maxime
554 932 605 982 ex
617 902 736 981 verbo
752 903 845 996 Dei,
859 901 1071 1010 gubernari
1087 898 1288 981 Ecclesiam

150 1017 374 1095 convenire.
410 1017 475 1095 Ad
496 1015 577 1095 haec
598 1015 685 1093 sane
701 1018 964 1123 experredlus,
980 1040 1079 1095 cum
1093 1038 1228 1092 veram
1239 1005 1289 1089 af·

152 1126 289 1207 sectari
304 1129 408 1207 viam
423 1129 471 1207 ad
487 1129 708 1207 libertatem
723 1154 925 1207 cernerem
944 1126 993 1206 ab
1012 1123 1077 1205 his
1092 1125 1229 1218 initiis,
1239 1118 1291 1201 his

152 1238 333 1348 paffibus,
350 1239 398 1319 ab
415 1240 654 1319 liberandam
673 1239 855 1318 servitute
871 1238 995 1318 vitam
1014 1264 1181 1317 omnem
1197 1261 1290 1316 mor·

153 1352 295 1431 talium
321 1350 527 1431 rectissime
552 1352 726 1461 procedi,
751 1351 779 1430 sr
805 1350 853 1430 ab
879 1350 1071 1459 religione
1099 1347 1291 1459 disciplim

154 1482 252 1557 orta,
266 1464 314 1542 ad
335 1491 464 1543 mores
484 1483 524 1543 et
544 1463 717 1543 instituta
737 1462 962 1572 reipublicae
979 1456 1291 1555 emanaret,clrm

153 1577 274 1655 etiam
290 1603 355 1653 me
371 1577 425 1654 ita
440 1576 488 1655 ab
504 1574 760 1656 adolescentia
774 1574 976 1685 paralffem,
990 1594 1035 1655 ut
1049 1573 1151 1683 quid
1165 1571 1290 1663 divini,

154 1686 252 1794 quid
271 1683 437 1765 humani
457 1688 549 1767 esset
566 1689 681 1793 juris,
707 1707 796 1768 ante
815 1689 949 1767 omnia
968 1685 1120 1797 possem
1139 1712 1219 1768 non
1239 1685 1292 1790 ig·

156 1826 306 1891 norare,
323 1825 467 1906 meque
487 1800 759 1880 consuluissem
779 1800 981 1908 ecquando
999 1800 1122 1879 ullius
1141 1797 1229 1878 usus
1245 1792 1293 1875 es·

155 1911 236 1990 sem
248 1909 574 2005 futurus,s1nunc
586 1910 1161 2021 patriae,immoverbEcclefiae
1172 1930 1295 2017 totque

157 2021 340 2103 fratribus
361 2026 569 2132 Evangelii
588 2025 718 2118 causd,
745 2024 920 2135 periculo
938 2022 1013 2104 sese
1031 2021 1296 2129 objicientibus

157 2135 340 2229 deessem,
354 2137 482 2230 statui,
498 2138 567 2217 etsr
583 2157 677 2217 tunc
693 2138 768 2217 alia
783 2137 962 2244 quadam
980 2133 1216 2230 meditabar,
1228 2132 1295 2215 huc

157 2276 276 2327 omne
308 2249 529 2356 ingenium,
564 2277 701 2329 omnes
730 2249 924 2329 industriae
949 2249 1050 2327 vires
1085 2246 1294 2328 transferre.

158 2356 340 2439 Primbm
371 2362 504 2469 itaque
530 2361 578 2440 de
606 2360 852 2441 reformanda
875 2360 1047 2440 Ecclesia
1070 2360 1295 2468 Anglicanr,

158 2471 256 2549 duos
276 2472 324 2550 ad
344 2476 518 2552 amicum
538 2474 736 2582 quendam
756 2472 875 2553 libros
893 2471 1126 2580 conscripti:
1151 2470 1295 2563 deinde,
1331 2516 1334 2555 :

159 2610 253 2661 cum
274 2582 353 2662 duo
373 2613 450 2692 prae
466 2587 611 2666 caeteris
630 2586 766 2694 magni
792 2587 963 2665 nominis
983 2584 1173 2694 Episcopi
1195 2585 1296 2664 suurn

152 2694 217 2799 jus
250 2714 384 2774 contra
404 2697 608 2778 Ministros
639 2698 828 2807 quosdam
854 2698 1060 2808 primarios
1087 2696 1294 2786 assererent,

159 2825 263 2886 ratus
279 2806 327 2885 de
347 2809 393 2887 iis
414 2808 543 2903 rebus,
558 2838 654 2918 quas
669 2838 801 2889 amore
819 2810 898 2889 solo
913 2809 1099 2903 veritatis,
1115 2828 1156 2888 et
1175 2838 1227 2889 ex
1242 2803 1295 2887 os·

157 2918 239 2998 ficii
279 2918 492 3000 Christiani
527 2925 675 3001 ratione
709 2922 923 3001 didiceram
954 2918 1059 3000 haud
1094 2921 1207 3030 pejus
1242 2944 1295 3000 me

159 3032 360 3112 didurum
376 3031 498 3141 quam
516 3036 586 3141 qui
606 3034 654 3113 de
674 3033 742 3113 suo
757 3033 903 3141 quaestu
919 3052 959 3112 et
973 3032 1221 3138 injustiffimo
1234 3034 1295 3113 do-

158 3147 308 3225 minatu
325 3146 625 3241 contendebant,
643 3146 811 3225 adhunc
827 3147 936 3226 libris
950 3144 1119 3238 duobus,
1135 3170 1296 3254 quorum

159 3285 259 3337 unus
282 3257 330 3337 de
352 3258 590 3368 Episcopatu
614 3259 823 3369 praelatico,
848 3260 944 3339 alter
965 3259 1014 3338 de
1038 3259 1191 3338 ratione
1215 3255 1297 3338 Dis·

158 3370 312 3477 ciplinae
343 3370 617 3450 Ecclefiasticae
650 3370 887 3465 inscribitur,
914 3372 963 3449 ad
994 3369 1126 3464 illurn,
1159 3370 1297 3482 scriptis

158 3480 392 3586 quibusdam
413 3483 823 3577 animadversronibus,
842 3502 881 3562 et
896 3510 992 3561 mox
1008 3482 1226 3591 Apologia,
1246 3510 1298 3563 re·

159 3592 320 3699 spondi;
343 3613 382 3672 et
399 3595 583 3674 ministris
598 3594 823 3674 facundiam
843 3592 1030 3688 hominis,
1047 3612 1092 3674 ut
1111 3593 1300 3677 ferebatur

158 3703 256 3809 aegre
278 3705 565 3800 sustinentibus,
581 3707 776 3816 suppetias
792 3707 889 3802 tuli3
919 3727 960 3787 et
976 3707 1025 3786 ab
1043 3734 1093 3786 eo
1112 3726 1300 3819 ternpore,

159 3814 186 3893 fi
211 3816 307 3922 quid
337 3817 469 3924 postea
500 3819 786 3926 responderent,
817 3818 992 3898 interfui.
1053 3815 1166 3901 Cirm
1195 3819 1301 3930 petiti

157 3928 340 4005 omnium
360 3930 446 4008 telis
467 3931 654 4040 Episcopi
669 3932 827 4012 tandem
842 3931 1080 4026 cecidissent,
1099 3935 1301 4043 otiumque

157 4037 205 4117 ab
226 4039 302 4118 illis
318 4040 424 4134 esset,
437 4044 536 4121 verti
552 4043 630 4123 alib
643 4046 924 4150 cogitationes;
956 4043 983 4122 fi
1002 4070 1082 4149 qua
1101 4045 1144 4124 in
1161 4074 1203 4126 re
1220 4043 1301 4156 pos-

157 4151 238 4231 sem
265 4152 452 4233 libertatis
479 4182 577 4234 verae
603 4183 648 4235 ac
671 4157 799 4235 solidae
826 4157 1020 4236 rationem
1049 4183 1300 4266 promovere3

155 4292 330 4371 quaenon
346 4265 454 4358 foris,
469 4266 531 4346 sed
549 4269 653 4347 intus
668 4269 888 4376 quaerenda,
905 4295 984 4348 non
999 4271 1231 4376 pugnando,
1245 4268 1301 4349 sed

155 4379 276 4457 vitam
298 4377 400 4458 reste
421 4379 673 4472 instituendo,
699 4379 881 4488 recte'que
901 4380 1212 4467 administrando
1229 4380 1303 4464 adi·
