796 1583
264 274 404 309 Responsio,
418 281 463 300 etc.
611 286 651 305 229

99 319 145 346 luis,
154 324 177 339 tu
186 319 213 339 ad
218 319 334 346 sbrvitutem
343 325 400 340 natur
409 320 442 348 qui
451 320 539 340 Carolum
549 321 650 342 haeredita—

99 354 120 367 m
128 347 195 367 multas
204 355 261 368 annos
269 348 385 375 agnqscebas,
395 353 430 368 aut
439 356 480 369 cum
489 349 553 369 multis
561 349 604 369 aliis
612 349 649 376 dg'fi

100 375 174 396 ulabas‘
204 376 264 396 Hanc
276 381 298 396 tu
308 376 423 396 sententiam
433 376 542 400 detruncas,
552 376 594 403 ejus
604 377 649 398 luco

99 403 170 424 ›dititia
183 404 247 431 ponis,
255 411 298 432 quae
305 405 374 431 Regem
386 404 527 425 haereditarium
539 405 647 432 agnqscunt.

99 431 195 452 rlamenta
202 437 269 452 autem
276 433 361 459 Angliae,
370 433 467 460 preterito
475 432 522 460 saepe
530 432 648 454 haereditatis

99 465 159 484 :entu‚
169 460 276 484 Diadema,
286 461 319 481 cui
329 460 393 481 visum
405 460 440 484 est,
450 460 487 481 suis
500 460 565 481 liberis
578 461 647 482 suffia-

99 495 114 512 ς,
124 489 227 516 imponere
236 488 389 513 consueverunt;
407 489 462 516 quod
471 489 539 509 multis
549 490 647 517 exemplis

99 516 196 537 nonstrari
206 517 277 544 potest.
307 517 356 537 Non
368 516 416 544 ergo
425 517 488 544 Angli
499 517 523 537 ad
533 517 646 538 servitutem

99 545 116 568 i,
125 545 179 571 quod
188 550 209 565 tu
217 545 308 572 nequiter
313 545 397 573 probare
405 545 479 569 niteris,
485 545 552 565 Verria
560 545 645 573 Canopi.

99 577 170 599 [artum
177 572 216 593 hoc
226 573 261 597 est,
271 574 292 593 in
301 580 342 600 quo
350 573 480 593 adversarium
487 573 557 601 cepifl'e
565 578 584 593 te
593 573 645 594 sorn-

99 607 116 620 s.
147 601 182 621 01>
191 608 235 621 eam
245 601 323 621 causam
333 601 462 621 affirmaverat
472 601 512 625 ille,
523 601 614 621 homines
624 602 645 622 in

99 636 131 649 im
141 629 207 656 primo
216 629 334 653 convenisse,
344 636 383 649 non
394 634 416 649 ut
426 636 476 649 unus
485 636 554 649 omnes
564 629 645 650 insulta-

99 672 103 680 .
111 657 144 677 sed
151 662 173 677 ut
182 664 301 685 quocunque
310 657 394 677 alterum
403 657 491 681 laedente‚
501 664 526 677 ne
534 658 566 677 lex
573 657 645 678 deeffet

99 692 116 705 ye
122 685 185 711 judex
195 686 246 706 inter
256 685 354 709 homines,
364 692 405 713 quo
415 685 468 705 lasus
478 685 601 709 defendatur,
611 691 645 706 aut

99 713 184 734 dicetur.
214 714 247 734 Ad
261 713 301 734 haec
314 719 342 734 tu.
379 714 444 737 Nema,
458 714 530 740 inquis,
544 713 556 733 a*
571 718 590 733 te
600 714 644 741 plus

99 741 120 761 iit
129 741 185 769 qudm
190 746 212 762 tu
219 746 255 769 per
262 741 324 762 lucida
333 742 409 762 inter-va
412 741 438 762 lla
444 745 479 761 tua
481 741 548 768 sponte
556 741 642 761 concedis.

99 770 168 790 nidum
175 775 228 790 certe
238 770 363 790 intervallum
371 770 403 789 vel
410 770 433 789 ad
443 770 539 797 punCtum
547 770 643 797 temporis

99 798 167 825 itigiffe
178 805 266 825 unquam
280 798 316 818 tibi
326 798 360 818 vix
370 805 421 821 reor,
432 798 459 818 ita
473 797 549 825 semper
562 797 642 818 falleris.

99 833 118 854 1-ae
124 826 180 846 enirn
185 827 243 853 petis,
250 833 289 846 non
297 826 376 853 regibus
382 825 445 846 solum
454 826 485 845 sed
494 825 643 852 Magistratibus

101 853 159 874 nibus
169 854 308 878 conceflimus;
324 861 411 881 quorum
421 853 471 874 nihil
483 853 511 873 est
518 854 572 881 quod
581 854 602 873 in
612 858 643 881 ty—

99 889 150 902 num
159 883 264 903 convenire
274 882 338 910 poffit.
368 882 445 909 Legem
453 882 507 901 enim
518 881 584 909 primo
594 888 642 902 con-

99 910 172 934 nimus,
183 910 253 930 deinde
264 910 353 937 judicem
367 917 392 930 ex
406 910 450 937 lege
462 910 538 930 testum
548 914 568 930 et
578 910 642 930 incor-

99 943 155 958 »ιω-υ.
184 938 266 958 Horum
273 938 406 966 quodcunque
413 938 463 965 petis
470 943 489 958 et
499 938 642 965 impetraveris,

99 973 119 986 m
129 966 207 986 causam
217 966 300 986 minime
307 966 391 992 juvabit.

276 1068 345 1087 CAP.
361 1067 430 1087 Vl11.

168 1111 216 1131 Uod
227 1111 315 1139 superius
331 1111 411 1139 praedixi
427 1111 477 1135 fore,
491 1115 514 1131 ut
527 1110 570 1138 post
587 1110 642 1131 tritas

112 1156 119 1162 .
182 1140 268 1167 argutias
277 1139 369 1167 quasdam
379 1139 445 1167 potius
455 1138 516 1166 quhm
526 1144 642 1166 argumenta

182 1173 202 1188 et
210 1168 319 1188 aulicorum
325 1168 448 1188 velitationes
457 1168 514 1188 toties
522 1166 642 1194 profligatas,

182 1196 206 1215 ad
216 1195 314 1216 summam
325 1196 413 1223 inopiam
424 1195 532 1215 homuncio
542 1195 577 1215 iste
590 1195 642 1215 redi-

99 1228 149 1247 etur,
164 1230 229 1251 neque
243 1224 343 1251 reliquum
355 1224 374 1243 ei
391 1224 499 1251 quicquam
515 1223 557 1243 fore
573 1228 642 1250 praeter

99 1251 166 1272 ledi&
173 1256 193 1272 et
200 1251 282 1276 rabiem,
290 1252 310 1272 id
321 1251 359 1272 hoc
369 1252 433 1279 capite
442 1250 564 1272 manifestius
572 1251 642 1278 liquet.

99 1279 143 1299 sane
153 1280 177 1300 ad
188 1280 254 1307 priora
264 1280 297 1300 illa
307 1287 350 1307 quae
360 1280 433 1303 attulit,
442 1287 503 1307 quam
518 1286 565 1299 uam
576 1278 643 1306 primb

100 1307 128 1327 im
138 1307 243 1335 conspeetu
255 1308 320 1328 sensus
330 1313 349 1328 et
360 1306 434 1335 inge‘nii
445 1307 498 1327 inani
514 1314 555 1327 lma
567 1306 643 1334 ubique

99 1336 170 1356 ramere
180 1336 269 1363 vestigia,
281 1341 347 1356 tamen
360 1336 407 1363 quia
418 1335 518 1363 quandam
531 1334 612 1355 rationis
624 1339 645 1354 et
