2888 5204
494 580 719 683 Defensto
743 585 971 684 Secunda.
1228 626 1309 710 327

152 745 328 844 libertas,
344 746 496 829 bellum
516 746 793 829 tantummodo
809 749 932 829 vestra
951 751 1073 830 virtus
1093 749 1162 844 est,
1183 749 1311 830 vestra

153 860 311 942 summa
328 860 468 969 gloria,
489 861 695 942 invenietis
716 858 817 940 mihi
837 861 998 955 credite,
1023 861 1147 971 ipsam
1168 890 1309 970 pacem

152 974 267 1054 vobis
286 972 595 1068 infestissimam
625 1001 704 1082 pax
725 972 805 1083 ipsa
823 974 997 1053 xvestrum
1016 973 1169 1054 bellum
1190 973 1308 1083 longe

150 1085 455 1180 difficillimum,
483 1104 523 1166 et
545 1113 668 1194 quarn
694 1084 853 1194 putastis
881 1086 1119 1180 libertatem,
1148 1085 1310 1168 servitus

151 1198 279 1279 vestra
290 1200 379 1279 erit.
439 1198 528 1279 Nifi
544 1226 614 1308 per
625 1225 760 1278 veram
776 1216 892 1306 atque
905 1199 1092 1279 finceram
1112 1199 1153 1276 in
1171 1200 1309 1279 Deum

152 1328 273 1419 atque
288 1307 471 1392 homines
489 1312 692 1420 pietatem,
706 1338 785 1390 non
801 1338 943 1391 vanam
959 1329 1076 1420 atque
1089 1310 1307 1406 verbosam,

150 1421 219 1503 sed
238 1422 440 1504 efficacem
458 1442 497 1503 et
509 1423 726 1532 operosam,
737 1421 1024 1532 superstitiones
1037 1423 1195 1517 animis,
1214 1425 1307 1502 reli-

151 1536 285 1643 gionis
298 1564 397 1616 verae
412 1565 457 1617 ac
472 1534 600 1615 solidae
612 1536 856 1642 ignoratione
869 1554 984 1630 ortas,
998 1534 1222 1642 abegeritis,
1236 1534 1309 1615 ha-

151 1645 312 1742 bebitis,
332 1649 403 1757 qui
426 1647 537 1728 dorso
563 1666 680 1756 atque
705 1646 922 1726 cervicibus
945 1647 1093 1741 vestris,
1120 1666 1307 1756 tanquam

143 1759 340 1867 jumentis
367 1759 610 1841 infidebunt:
643 1787 711 1839 vos
734 1760 854 1838 etiam
878 1759 1043 1839 victores
1067 1758 1172 1839 bello
1199 1759 1307 1838 suam

150 1871 279 1952 veluti
294 1873 463 1982 praedam
486 1871 554 1952 sub
575 1870 683 1950 hasta
704 1898 780 1950 non
799 1871 941 1951 bellica
958 1871 1305 1952 nundinabuntur:

150 2005 195 2065 et
214 2011 265 2063 ex
286 1984 506 2091 ignorantia
521 2002 561 2063 et
573 1982 841 2092 superstitione
854 1983 991 2077 vestra,
1007 1983 1170 2064 uberem
1185 1983 1307 2093 quaes-

151 2115 244 2177 tum
263 2095 422 2179 facient.
481 2096 570 2177 Nifi
583 2096 802 2190 avaritiam,
815 2095 1088 2190 ambitionem,
1106 2096 1306 2176 luxuriam

151 2208 369 2303 mentibus,
390 2206 518 2289 immb
541 2206 702 2288 familiis
727 2236 887 2316 quoque
910 2207 1043 2288 vestris
1067 2210 1209 2289 luxum
1235 2238 1307 2290 ex-

151 2320 349 2431 puleritis,
363 2350 485 2430 quem
501 2339 711 2428 tyrannum
728 2319 821 2399 foris
841 2320 936 2399 etin
957 2320 1039 2400 acie
1052 2323 1306 2429 quaerendum

149 2432 386 2527 credidistis,
402 2462 497 2513 eum
516 2433 640 2525 domi,
666 2460 759 2511 eum
779 2433 883 2512 intus
908 2433 971 2511 vel
994 2433 1193 2512 duriorem
1220 2434 1306 2511 sen-

151 2547 276 2641 tietis,
296 2544 423 2626 immo
445 2545 562 2625 multi
582 2544 705 2624 indies
726 2544 878 2651 tyranni
900 2573 949 2622 ex
970 2545 1060 2653 ipsrs
1084 2547 1304 2654 praecordiis

148 2658 289 2739 vestris
308 2658 543 2738 intolerandi
564 2655 830 2767 pullulabunt.
889 2657 979 2735 Hos
995 2659 1140 2736 vincite
1161 2659 1202 2736 in
1223 2659 1305 2765 pri-

150 2771 247 2864 mis,
269 2768 351 2850 haec
368 2772 472 2880 pacis
490 2769 633 2849 militia
648 2768 727 2863 est;
749 2766 808 2847 hae
827 2767 913 2847 sunt
929 2770 1111 2863 vidboriae,
1126 2770 1304 2851 difficiles

148 2881 332 2991 quidem,
353 2903 393 2963 at
407 2884 631 2975 incruentae,
658 2880 736 2960 illis
755 2879 907 2960 bellicis
926 2898 966 2959 et
989 2884 1160 2962 cruentis
1185 2882 1303 2991 longe

149 2993 417 3104 pulchriores;
440 2995 511 3075 nisi
524 2993 1201 3102 hicquoquevidboreseritis,illum
1214 3023 1303 3076 mo-

149 3105 206 3188 db
224 3108 268 3187 in
287 3107 370 3188 acie
390 3105 544 3186 hostem
565 3124 681 3214 atque
703 3125 927 3213 tyrannum,
954 3125 1021 3186 aut
1041 3133 1119 3185 non
1139 3108 1303 3187 omnino

150 3240 222 3300 aut
242 3218 384 3299 frustra
401 3219 544 3299 vicistis
559 3249 582 3316 ε,
601 3245 694 3296 nam
716 3218 891 3325 pecuniae
909 3217 993 3295 vim
1020 3219 1239 3299 maximam
1261 3221 1303 3299 in

149 3333 334 3413 aerarium
352 3330 546 3411 inferendi
566 3330 734 3410 rationes
754 3329 857 3438 posse
878 3330 1124 3410 calidiffimas
1140 3333 1303 3439 excogi-

150 3460 249 3538 tare,
280 3444 474 3555 pedestres
505 3462 621 3552 atque
653 3442 805 3521 navales
835 3443 966 3549 copias
998 3441 1168 3551 impigre
1196 3443 1300 3552 posse

149 3555 356 3651 instruere,
382 3555 487 3665 posse
506 3583 601 3635 cum
621 3553 759 3661 legatis
782 3572 1008 3633 exterorum
1033 3551 1146 3634 caute
1171 3583 1300 3662 agere,

148 3665 352 3749 societates
375 3688 414 3748 et
438 3667 585 3748 foedera
608 3663 733 3775 perite
760 3663 1003 3759 contrahere,
1031 3666 1057 3745 fi
1081 3666 1152 3773 qui
1176 3667 1301 3772 majus

148 3799 272 3888 atque
286 3781 422 3861 utilius
437 3808 481 3860 ac
496 3779 703 3888 sapientius
719 3779 760 3855 in
777 3778 998 3887 Republica
1014 3777 1300 3861 existimavistis

147 3891 241 3986 effe,
261 3889 383 4002 quam
398 3895 624 4000 incorrupta
641 3890 789 4001 populo
802 3889 952 3995 judicia
967 3891 1155 3999 praestare,
1175 3889 1300 3971 afflic-

148 4005 200 4086 tis
227 4033 298 4116 per
323 4005 507 4111 injuriam
538 4023 654 4113 atque
681 4003 866 4111 oppreffis
894 4031 1013 4111 opem
1042 4001 1157 4098 ferre,
1185 4003 1300 4085 suum

146 4117 295 4226 cuique
306 4117 372 4223 jus
392 4117 624 4227 expeditum
645 4115 819 4208 reddere,
840 4136 987 4223 quanto
1012 4115 1090 4195 fitis
1108 4117 1149 4195 in
1169 4144 1299 4198 errore

146 4230 302 4323 versati,
319 4248 406 4310 tum
426 4228 507 4308 serb
532 4229 650 4308 nimis
674 4226 928 4336 perspicietis,
955 4255 1048 4307 curn
1069 4229 1136 4307 illa
1156 4257 1300 4336 magna

145 4339 312 4452 repent&
326 4370 394 4422 vos
414 4340 638 4435 fefellerint,
655 4337 736 4418 haec
753 4367 868 4447 parva
887 4339 1012 4419 vestro
1032 4368 1137 4420 nunc
1145 4342 1298 4447 judicio

145 4475 189 4537 et
204 4454 383 4564 neglecta
398 4453 553 4533 adversa
570 4471 656 4532 tum
674 4450 783 4531 vobis
798 4469 837 4530 et
853 4452 975 4531 exitio
992 4449 1151 4532 fuerint.
1186 4456 1297 4566 Qin

143 4587 189 4648 et
212 4568 461 4651 exercituum
486 4584 525 4645 et
549 4565 756 4657 sociorum,
785 4563 928 4672 quibus
955 4563 1166 4658 confiditis,
1191 4567 1297 4646 fluxa

143 4678 259 4774 fides,
278 4679 349 4759 nist
362 4679 520 4785 justitiae
536 4677 613 4758 sola
635 4674 869 4757 authoritate
890 4676 1126 4756 retineatur:
1149 4697 1188 4757 et
1203 4706 1297 4787 opes

142 4813 268 4901 atque
280 4789 568 4900 honores,quos
582 4790 760 4901 plerique
773 4785 1101 4884 ferramunfacile
1113 4787 1296 4873 dominos
