2888 5204
124 498 128 629 l
490 534 732 638 Defenfio.
773 543 892 673 Cap.
922 573 969 664 5.
1216 582 1292 663 113

161 715 244 821 poffe
260 718 420 828 stipatos
431 718 506 800 suis
519 721 714 802 militibus
727 741 910 830 tyrannos
927 723 976 801 ad
989 719 1187 826 judicium
1199 750 1291 831 per-

159 826 245 925 duci,
259 832 393 939 legem
407 832 512 926 tulit,
525 860 603 941 qua
616 834 889 914 indemnatum
900 833 1039 941 quovis
1051 833 1171 913 modo
1182 835 1312 913 occi-⁸

156 937 230 1021 dere
244 943 404 1038 liceret;
426 943 568 1024 deinde
580 942 674 1025 faeti
685 947 880 1027 rationem
890 945 1066 1026 reddere.
1106 945 1218 1024 Hinc
1235 946 1285 1024 C.

151 1051 382 1161 Caligulam,
402 1083 524 1163 quem
546 1056 694 1137 Caffius
714 1055 833 1153 ferro,
852 1084 989 1137 omnes
1008 1056 1110 1137 votis
1127 1055 1290 1136 interfe-

145 1186 291 1260 cerunt,
311 1166 493 1253 Valerius
523 1168 732 1262 Afiaticus,
755 1171 816 1249 vir
845 1168 1054 1250 consularis
1084 1195 1179 1247 cum
1208 1196 1287 1248 non

141 1276 293 1372 adeffet,
309 1278 358 1358 ad
378 1278 525 1359 milites
537 1298 669 1359 tamen
681 1280 733 1360 ob
746 1308 885 1361 necem
900 1280 982 1387 ejus
1002 1280 1285 1360 tumultuantes

137 1388 348 1484 exclamat,
378 1391 522 1474 utinam
551 1420 615 1498 ego
645 1391 897 1501 interfeciffern
909 1422 923 1484 ;
955 1393 1116 1471 Senatus
1143 1391 1285 1471 eodem

135 1516 315 1611 tempore
328 1501 764 1582 abolendamCaesarum
777 1504 1028 1596 memoriam,
1040 1530 1085 1582 ac
1097 1501 1287 1582 diruenda

134 1613 288 1722 templa
305 1612 478 1710 censuit;
510 1633 664 1694 tantum
685 1613 813 1695 abfuit
832 1634 877 1695 ut
891 1614 1018 1694 Caffio
1035 1613 1283 1708 irasceretur;

135 1722 357 1804 Claudium
383 1721 405 1804 a
428 1726 621 1807 militibus
644 1727 925 1836 imperatorem
951 1754 1049 1806 mox
1076 1725 1285 1806 salutatum

132 1853 269 1916 vetant
296 1864 369 1946 per
394 1837 600 1918 tribunum
626 1838 752 1947 plebis
778 1840 1044 1947 principatum
1067 1837 1283 1945 capeffere;

133 1947 193 2026 vis
207 1965 345 2027 autem
364 1949 542 2029 militum
557 1950 667 2030 vicit.
728 1952 935 2030 Neronem
950 1953 1111 2029 Senatus
1130 1948 1284 2030 hostem

127 2056 339 2162 judicavit,
354 2078 409 2154 et,
426 2079 471 2140 ut
488 2062 697 2171 puniretur
719 2090 830 2141 more
853 2061 1063 2168 majorum,
1076 2061 1285 2169 quaerebat,

132 2168 175 2249 id
187 2195 315 2277 genus
326 2198 450 2281 poenae
466 2192 563 2268 erat,
575 2192 620 2253 ut
639 2173 735 2251 nudi
749 2175 884 2252 cervix
904 2173 1135 2252 insereretur
1151 2172 1283 2267 furcae,

132 2308 280 2391 corpus
292 2283 413 2390 virgis
425 2284 474 2364 ad
487 2311 627 2365 necem
638 2285 861 2365 caederetur.
921 2284 1026 2364 Vide
1038 2303 1190 2391 quanto
1205 2284 1285 2362 mi-

133 2387 216 2472 tiirs
228 2411 269 2472 et
281 2391 521 2475 moderatibs
532 2396 658 2504 Angli
672 2423 766 2476 cum
779 2414 941 2503 tyranno
955 2396 1107 2502 egerint
1119 2393 1201 2488 suo,
1215 2395 1287 2502 qui

133 2504 358 2585 multorum
379 2505 532 2611 judicio
558 2508 646 2617 plus
672 2507 755 2615 ipso
784 2508 948 2588 Nerone
972 2506 1168 2613 sanguinis
1194 2503 1286 2585 fun-

133 2615 259 2696 dendi
269 2615 411 2697 author
421 2617 562 2699 fuerat.
622 2619 687 2699 Sic
699 2620 980 2699 Domitianum
996 2637 1200 2698 mortuum
1216 2619 1288 2697 Se-

133 2744 251 2808 natus
279 2729 493 2825 damnavit,
521 2730 628 2839 quod
656 2732 801 2841 potuit,
833 2732 1023 2838 imagines
1048 2729 1129 2835 ejus
1152 2726 1286 2810 cotim
1347 2831 1350 2835 ἡ

132 2837 305 2934 detrahi,
318 2860 359 2920 et
371 2840 450 2921 solo
464 2839 589 2950 affligi
597 2842 720 2948 juffit.
782 2838 1285 2922 Commodusalsuisinter-

133 2947 280 3044 fastus,
297 2979 376 3032 non
387 2952 605 3034 vindicatus
621 2952 643 3034 a
659 2958 803 3034 Senatu
817 2972 885 3033 aut
899 2954 1069 3063 Populo,
1086 2952 1150 3033 sed
1165 2951 1288 3033 hostis

126 3059 330 3167 judicatus
356 3063 427 3158 est,
447 3064 518 3172 qui
543 3066 664 3146 etiam
690 3067 853 3145 cadaver
879 3065 961 3170 ejus
980 3065 1029 3145 ad
1049 3063 1287 3173 supplicium

132 3173 373 3281 quaerebant.
431 3178 491 3256 Ea
508 3176 558 3256 de
578 3206 619 3256 re
643 3176 1027 3259 Senatusconsultum
1052 3194 1160 3256 extat
1181 3177 1286 3285 apud

137 3284 420 3395 Lampridium
433 3318 443 3382 ;
465 3288 726 3399 Hostipatriae
739 3288 888 3368 honores
898 3288 1166 3382 detrahantur,
1181 3290 1287 3369 Par-

134 3393 261 3476 n'cida
287 3397 486 3493 trahatur,
516 3398 556 3480 in
575 3399 756 3509 spolraria
787 3400 965 3495 lanietur,
994 3398 1100 3510 hostis
1126 3396 1287 3493 deorum,

134 3506 313 3616 carnifex
328 3510 489 3591 Senatus
506 3540 597 3592 unco
615 3514 814 3606 trahatur,
834 3515 910 3592 boc.
970 3512 1102 3590 Iidem
1115 3511 1286 3590 Didium

135 3617 348 3723 Julianum
360 3622 643 3732 imperatorem
662 3623 973 3732 frequentiffimo
990 3625 1133 3702 Senatu
1148 3622 1287 3730 capitis

135 3728 400 3828 damnarunt3
421 3752 462 3814 et
476 3734 589 3817 miffo
600 3736 797 3828 Tribuno,
814 3735 942 3816 occidi
955 3735 997 3813 in
1011 3732 1287 3839 Palatiojuffe-

136 3856 248 3920 runt.
306 3844 420 3924 Idem
440 3845 670 3927 Maximino
689 3847 904 3956 imperium
927 3846 1178 3955 abrogarunt,
1198 3842 1288 3925 hos-

136 3968 302 4060 temque
314 3955 556 4061 judicarunt.
615 3958 736 4063 Juvat
754 3955 887 4069 ipsirm
908 3956 1287 4040 Senatusconsultum

136 4088 190 4143 ex
204 4064 434 4192 Capitolino
448 4069 624 4150 recitare.
684 4071 823 4178 Consta!
835 4070 969 4151 retulit
981 4103 996 4164 ,·
1028 4072 1169 4150 Patres
1189 4071 1288 4150 Con·

123 4168 168 4277 s
210 4174 286 4269 ἠ,
316 4175 359 4257 de
390 4179 614 4260 Maximinis
646 4182 738 4292 quid
759 4181 923 4292 placet?
965 4180 1189 4290 responsum
1217 4181 1285 4275 est,

137 4283 185 4364 ho
215 4314 267 4380 es,
282 4287 407 4397 hostes,
419 4293 487 4400 qai
501 4321 558 4372 eos
572 4293 744 4374 occiderit
756 4294 955 4404 praemium
969 4291 1184 4374 merebitur.
1215 4294 1288 4373 Vis

136 4392 237 4478 scire
257 4401 427 4509 populus
444 4405 649 4485 Romanus
672 4423 713 4484 et
731 4405 940 4513 provinciae
958 4405 1189 4486 Maximino
1209 4405 1288 4485 im-

135 4512 314 4699 ffimori
326 4539 376 4591 an
391 4514 551 4596 Senatui
564 4517 792 4625 paruerint?
822 4516 914 4597 audi
933 4517 1105 4598 eundem
1121 4518 1289 4628 Capito-

156 4620 165 4637 ‘
199 4647 286 4714 um,
298 4623 455 4705 Literas
467 4626 587 4708 mr'ttit
599 4629 759 4709 Senatus
772 4627 821 4708 ad
836 4656 974 4709 omnes
994 4630 1227 4738 provincias,
1243 4649 1289 4710 ut

132 4734 349 4841 communi
359 4733 486 4843 filati,
501 4738 752 4847 libertatique
766 4738 1020 4836 subveniant;
1050 4768 1136 4850 quae
1149 4738 1288 4821 auditae

197 4869 227 4946 4
724 4878 738 4930 1
