2888 5204
591 378 599 390 Ι

447 564 451 570 ·
500 511 739 613 Defenfio
779 520 897 650 Cap.
928 553 972 616 2.
1245 557 1296 640 37

144 689 408 799 enimlitigas,
421 712 489 772 aut
500 718 593 771 curn
611 690 801 770 Rabbinis
819 691 919 785 tuis3
951 720 1083 773 meam
1097 720 1182 772 rem
1196 691 1294 799 agis.

146 801 239 881 Hoc
251 804 390 912 primis
407 804 445 884 in
464 801 612 911 regibus
626 804 741 882 locum
758 832 827 883 non
843 802 1015 912 habuiffe,
1036 807 1129 912 quia
1142 805 1295 884 dictum

145 913 200 992 est
211 942 253 994 v.
277 940 342 1023 17.
359 944 425 996 vos
439 918 545 996 erite
558 917 594 995 ei
595 914 714 1020 servi
716 947 731 1007 ,·
762 913 1040 994 consuetudine
1056 917 1202 996 scilicet
1214 942 1294 995 non

138 1024 252 1130 jure3
283 1047 366 1120 aut,
383 1027 511 1133 fijure
534 1054 667 1136 poenas
687 1026 846 1134 petendi
873 1031 990 1135 regis,
1010 1030 1190 1135 quamvis
1214 1054 1294 1106 non

144 1135 213 1215 sub
232 1135 312 1219 hoc
334 1137 435 1219 forte
454 1140 517 1219 vel
540 1139 609 1219 sub
633 1138 718 1231 illo,
739 1157 778 1217 at
804 1137 873 1217 sub
930 1139 1093 1247 lerisque
1119 1139 1293 1234 luebant,

144 1249 253 1356 quod
279 1279 351 1332 nos
377 1278 456 1330 non
482 1252 653 1359 attingit.
711 1250 809 1329 Tibi
832 1167 927 1329 ναξ
952 1251 1167 1332 adversario
1193 1277 1293 1361 opus

144 1361 318 1456 nonest,
341 1361 439 1443 adeb
462 1362 615 1471 semper
637 1362 712 1441 tibi
732 1360 956 1442 adversaris.
1016 1363 1162 1444 Narras
1184 1364 1294 1442 enim

144 1499 218 1580 pro
238 1501 320 1568 me,
341 1494 386 1554 ut
404 1473 536 1584 primb
555 1473 819 1567 Aristobulus‚
836 1471 923 1581 post
941 1475 1122 1577 Jannaeus
1145 1503 1293 1582 cogno·

144 1603 283 1665 mento
305 1586 544 1680 Alexander,
562 1585 628 1692 jus
651 1584 750 1664 illud
776 1585 947 1692 regium,
966 1613 1044 1664 non
1070 1584 1093 1666 ὲ
1118 1586 1293 1694 synedrio

138 1693 239 1800 juris
256 1698 431 1792 custode,
451 1716 492 1778 et
515 1700 726 1806 interprete
755 1698 992 1804 acceperint,
1012 1696 1076 1776 sed
1101 1698 1293 1806 paulatim

145 1805 216 1886 fibi
244 1807 527 1920 affumpserint,
556 1827 595 1889 et
622 1808 753 1887 senatu
780 1809 970 1887 renitente
998 1808 1290 1917 usurpaverint:

141 1944 319 2024 quorum
344 1923 386 2000 in
411 1924 578 2028 gratiam
601 1919 703 2000 bella
729 1918 796 1998 illa
823 1918 954 1998 fabula
977 1920 1026 1999 de
1055 1922 1293 2030 primoribus

144 2029 313 2136 synedrii
340 2031 366 2111 d
396 2030 570 2112 Gabriele
592 2031 811 2111 exanimatis
836 2033 1043 2111 adinventa
1062 2032 1132 2126 est,
1152 2032 1293 2140 jusque

141 2137 222 2221 hoc
240 2142 514 2251 magnificum,
529 2171 611 2251 quo
626 2143 699 2223 niti
714 2141 889 2222 maxime
904 2142 1061 2236 videris,
1077 2173 1197 2250 regem
1209 2144 1292 2223 scil.

97 2238 102 2257 ’
142 2252 594 2448 altrimenti
609 2253 1293 2470 {xlixferuutur?

143 2474 340 2557 braeorum
351 2476 529 2582 judicari
542 2478 652 2588 poste,
671 2495 783 2586 atque
804 2476 914 2556 etiam
937 2474 991 2555 ad
1008 2476 1168 2556 verbera
1189 2475 1294 2555 dam-

142 2587 237 2666 nari
252 2587 337 2670 fule
356 2590 471 2670 docet
491 2588 698 2669 Sichardus
717 2616 768 2667 ex
787 2588 896 2667 libris
912 2586 1157 2682 Rabbinicis,
1174 2588 1294 2668 cuitu

143 2697 228 2778 haec
246 2702 381 2779 omnia
398 2701 531 2795 debes,
551 2719 591 2781 et
611 2719 742 2781 tamen
757 2700 977 2808 obstrepere
993 2727 1072 2779 non
1088 2700 1292 2780 erubescis.

146 2810 348 2923 Qinimb
363 2811 533 2920 legimus
548 2812 677 2921 ipsum
694 2811 852 2890 Saulem
865 2838 958 2890 cum
974 2810 1057 2891 filio
1073 2809 1294 2915 Jonathane

146 2923 257 3002 sortis
270 2921 467 3028 judicium
491 2943 608 3031 atque
634 2925 754 3004 etiam
779 2923 945 3030 capitale
969 2921 1120 3059 subiiffe
1147 2922 1293 3030 suoque

145 3033 649 3254 ttltrssllttltlt
669 3033 1295 3254 dsstlllt‘ttqlt‘llr

146 3254 169 3335 ὲ
194 3257 360 3364 populo,
386 3257 423 3336 se
454 3257 642 3351 submifit,
671 3285 817 3365 rexque
847 3257 921 3336 effe
947 3257 1069 3336 desiit.
1129 3256 1295 3365 Qidsr

145 3368 300 3476 templo
316 3368 520 3462 excedere,
540 3370 637 3477 quid
654 3368 919 3474 fimagistratu
940 3368 1061 3460 abire,
1081 3385 1121 3447 et
1139 3368 1294 3447 seorfim

146 3475 323 3558 habitare
348 3478 619 3586 noluiffet,jus
643 3479 741 3558 illud
766 3481 922 3585 regium
947 3478 1101 3586 legibus
1124 3476 1295 3558 solutum

146 3589 219 3668 fibi
233 3589 454 3684 afferuiffet,
474 3618 524 3670 an
540 3592 708 3700 paliuros
724 3590 834 3670 fuiffe
850 3589 979 3671 censes
995 3589 1165 3694 Judaeos,
1182 3587 1294 3669 etsa-

144 3701 323 3781 cerdotes
346 3701 544 3809 templum
566 3703 839 3795 contaminari,
863 3703 969 3808 leges
991 3699 1144 3794 violari,
1165 3728 1295 3810 popu·

145 3811 233 3892 lum
253 3812 478 3892 universum
492 3815 724 3921 contagione
737 3813 977 3921 periclitari?
1036 3812 1084 3890 In
1099 3810 1295 3920 leprosum

144 3921 1295 4032 ergbregemvigebuntleges‚intyrannumnihilpoterunt?

147 4036 300 4142 Ecquis
315 4053 396 4115 tam
410 4037 585 4130 demens,
595 4055 663 4115 aut
677 4034 813 4115 stultus
831 4034 901 4128 est,
912 4052 956 4115 ut
970 4034 1183 4127 existimet,
1200 4034 1294 4115 clim

147 4174 219 4225 rex
227 4146 427 4226 morbosus
448 4174 496 4225 ne
517 4146 710 4255 populum
735 4146 969 4254 contagione
992 4144 1117 4239 laedat,
1135 4166 1295 4226 cautum

147 4276 268 4365 atque
279 4257 478 4365 provisum
491 4258 645 4366 legibus
656 4258 714 4352 fit,
725 4256 753 4335 fi
763 4285 831 4336 rex
847 4258 1008 4366 impius,
1020 4257 1193 4364 iniquus,
1207 4285 1296 4337 cru-

147 4368 249 4448 delis
269 4369 462 4477 populum
483 4370 663 4477 deripiat,
682 4368 895 4462 excruciet,
912 4367 1080 4460 occidat,
1099 4368 1295 4476 rempubl.

148 4476 329 4560 funditbs
348 4499 511 4573 evertat,
531 4480 687 4559 nullum
706 4478 768 4558 his
783 4480 897 4559 malis
917 4477 1035 4585 longe
1057 4478 1298 4585 gravioribus

147 4589 373 4670 remedium
391 4590 544 4698 legibus
559 4610 759 4700 repertum
773 4589 869 4670 elle?
927 4587 1082 4669 Verbm
1100 4588 1298 4695 exemplum

146 4703 264 4783 ullius
280 4702 379 4810 regis
392 4702 532 4812 czfflrm'
546 4732 617 4783 non
631 4703 760 4811 potest,
782 4703 850 4811 qui
855 4699 1040 4807 judicium
1059 4697 1192 4805 capitis
1201 4696 1299 4805 steb-
