2888 5204
146 192 229 277 254
429 85 521 245 13r0
546 147 732 284 Populo
757 148 1027 282 Anglicano

144 329 296 410 sibella
314 329 436 407 etiam
458 324 670 437 posthuma
692 330 861 434 gerenda
883 329 985 421 sunt,
1010 328 1122 434 cujus
1147 325 1266 407 seroces

144 469 190 522 ac
210 441 382 521 strenuos
398 440 571 547 impetus
590 437 706 520 facile
721 440 895 534 sustinui,
912 439 996 546 ejus
1010 439 1270 548 languentoset
1312 480 1316 487 ·

146 552 403 632 moribundos
422 569 582 631 conatus
602 578 680 631 non
700 551 756 631 est
775 572 820 633 ut
836 550 1112 632 reformidem.
1314 582 1316 587 ·

203 665 300 744 Non
320 660 413 742 verb
438 663 487 742 ad
513 660 591 742 hoc
616 663 807 770 quicquid
829 664 886 743 est
909 660 1102 757 hominis,
1129 662 1198 770 qui
1216 686 1272 741 not

145 776 347 869 inclamat,
377 775 586 882 aliquando
615 775 839 854 veniamus:
880 773 1100 855 clamorem
1131 772 1275 882 quidem

145 888 278 981 audin,
295 915 374 966 non
390 887 511 993 Regii
527 885 737 992 sanguinis,
754 906 799 966 ut
817 884 944 994 praese
965 885 1044 966 sert
1063 886 1213 978 titulus,
1224 882 1277 963 sd

143 999 298 1079 obscuri
314 996 532 1105 cujuspiam
552 997 781 1091 nebulonis3
812 998 1051 1078 clamantem
1070 997 1182 1078 enim
1199 994 1277 1076 nus*

147 1140 270 1221 quam
302 1111 469 1219 reperio.
530 1107 621 1188 Eho
634 1107 653 1187 i
674 1111 849 1218 quises?
884 1107 1058 1188 homone
1076 1136 1131 1188 an
1150 1106 1279 1188 nemoi

145 1222 356 1303 hominum
371 1219 477 1301 certe
493 1221 637 1313 infimi,
652 1248 701 1298 ne
717 1222 912 1329 mancipia
926 1221 1109 1329 quidem,
1126 1220 1203 1299 fine
1217 1246 1278 1299 no·

145 1338 254 1415 mine
270 1334 370 1413 sunt.
430 1332 642 1441 Semperne
657 1329 753 1438 ergb
770 1330 872 1411 mihi
891 1360 986 1412 cum
1004 1333 1212 1440 anonymis
1227 1356 1277 1411 res

145 1449 246 1528 erit?
277 1465 315 1525 at
331 1442 424 1524 verb
439 1442 484 1523 hi
497 1445 625 1550 regios
643 1441 779 1523 haberi
797 1442 834 1522 se
852 1443 917 1523 vel
936 1442 1116 1524 maxime
1130 1444 1275 1523 volunt:

145 1557 315 1638 mirorfi
342 1556 499 1662 regibus
524 1557 575 1635 fic
599 1554 866 1664 persuaserint.
927 1558 1090 1662 Regum
1114 1554 1278 1663 sequaoet

145 1689 264 1777 atque
275 1669 423 1747 amicos
439 1694 579 1773 regum
594 1694 672 1746 non
688 1667 829 1775 pudet3
851 1696 932 1776 quo
943 1670 1060 1776 pasto
1072 1668 1196 1774 igitur
1205 1664 1278 1745 sunt

145 1783 207 1861 isti
227 1779 384 1886 regibus
400 1780 546 1859 amici?
565 1805 644 1857 non
664 1781 758 1858 dant
773 1806 959 1873 munera;
981 1780 1111 1858 immo
1131 1776 1223 1858 verb
1235 1772 1277 1859 li·

144 1889 300 1973 bentibs
317 1892 446 1971 multb
458 1890 675 2000 accipiunt:
697 1919 756 1971 res
768 1891 851 1970 suas
864 1918 943 1970 non
958 1890 1210 2000 impendunt,
1219 1886 1278 1997 qui

145 2033 195 2085 ne
220 2005 380 2083 nomina
411 2005 575 2111 quidem
598 2001 718 2082 causae
741 2003 856 2108 regiae
878 2002 970 2082 dare
993 2002 1165 2082 audent:
1194 1998 1278 2110 quid

145 2118 268 2224 ergo?
296 2116 413 2195 verba
432 2116 541 2209 dant,
558 2113 622 2193 sed
636 2142 708 2193 nec
719 2115 836 2193 verba
854 2114 973 2222 gratis
987 2115 1080 2194 dare
1094 2113 1174 2194 suis
1186 2111 1278 2221 regi·

143 2228 231 2322 bus,
247 2227 311 2306 vel
331 2227 417 2307 satis
437 2226 618 2306 benevoli
637 2226 678 2305 in
697 2226 877 2304 animum
896 2225 1104 2319 inducunt,
1124 2225 1189 2305 vel
1205 2221 1279 2303 satit

144 2339 360 2419 constantes
380 2339 541 2418 nomine
561 2336 752 2445 adscripto
771 2337 929 2419 audent.
987 2337 1063 2416 Me
1081 2330 1280 2446 quidemri

143 2446 255 2555 ἄνδρες
273 2447 449 2559 ἀνώνυμοι,
474 2449 531 2530 sas
549 2451 657 2529 enim
684 2449 729 2528 fit
750 2446 886 2528 Graecb
912 2477 1011 2557 quos
1030 2447 1174 2528 Latini
1194 2442 1280 2558 quid

144 2564 348 2643 nominem
374 2590 453 2641 non
477 2563 644 2671 reperio,
671 2589 737 2640 me
763 2561 940 2668 inquam,
966 2589 1061 2640 curn
1081 2556 1279 2639 vesterille

147 2675 338 2755 Claudius
357 2674 405 2752 de
426 2674 523 2778 Jure
545 2673 689 2779 Regio,
715 2671 878 2751 materia
901 2670 988 2751 saud
1010 2671 1281 2780 gratiofiffima,

146 2788 223 2866 fine
246 2787 407 2865 nomine
434 2805 566 2864 tamen
585 2783 691 2863 orsus
717 2783 809 2863 esset
833 2783 1012 2877 scribere,
1038 2803 1079 2862 et
1105 2780 1280 2891 exemplo

144 2898 294 3008 possem
315 2898 388 2990 uti,
413 2897 532 3004 usque
552 2896 650 2974 adeo
667 2923 793 3003 neque
813 2897 909 2989 mei,
930 2923 1057 3003 neque
1076 2893 1199 2975 causae
1214 2920 1279 3004 pu-

144 3012 275 3090 ditum
299 3010 367 3101 est,
392 3027 435 3087 ut
458 3009 505 3087 ad
532 3036 617 3087 rem
648 3026 796 3087 tantam
820 3009 1018 3100 accedere,
1045 3007 1118 3086 nisi
1146 3029 1279 3086 nomen

144 3118 274 3231 palim
294 3119 496 3230 professus,
519 3139 632 3229 turpe
652 3120 852 3198 ducerem.
913 3119 1035 3230 Qod
1051 3146 1129 3227 ego
1150 3121 1191 3197 in
1210 3119 1280 3196 Re·

142 3234 301 3344 publica
314 3228 443 3341 palim
455 3232 591 3312 videor
603 3250 739 3311 contra
752 3233 898 3336 Reges,
913 3258 1063 3310 curvos
1074 3231 1117 3309 in
1130 3232 1278 3337 Regno,

141 3347 206 3426 vel
227 3348 388 3450 Regum
411 3342 479 3422 sub
500 3344 733 3451 patrocinio,
759 3369 837 3421 non
866 3342 935 3420 nis1
960 3340 1101 3421 furtim
1124 3363 1166 3422 et
1183 3341 1279 3421 clau·

142 3458 296 3549 culum,
324 3473 459 3534 contra
491 3456 800 3564 Rempublicam
828 3453 1004 3534 audetis?
1034 3455 1178 3534 curin
1206 3469 1280 3534 tuto

144 3568 291 3678 pavidi,
317 3595 388 3646 cur
417 3568 459 3645 in
486 3567 574 3646 luce
603 3567 800 3660 nocturni,
831 3564 1029 3644 summam
1056 3566 1279 3674 potentiam,

99 3749 102 3755 .
144 3679 342 3758 summam
365 3679 547 3785 gratiam,
575 3678 785 3757 timiditate
809 3675 997 3756 invidiosa
1020 3677 1150 3786 plani,
1174 3696 1280 3784 atque

143 3790 315 3900 suspesta
328 3789 564 3870 obscuratis?
585 3788 718 3869 satisne
728 3788 839 3868 vobis
855 3807 899 3868 ut
915 3789 1078 3897 praefidii
1094 3791 1142 3871 sit
1153 3791 1195 3870 in
1208 3790 1280 3869 Re-

143 3903 259 4011 gibus
270 3902 488 3980 veremini?
510 3903 559 3980 fic
577 3903 683 3995 teeti,
700 3902 751 3981 fic
762 3900 939 3981 obvoluti
956 3928 1036 3979 non
1047 3929 1117 3983 vos
1132 3899 1281 3982 meher-

143 4015 230 4096 cule
254 4013 302 4092 ad
335 4012 578 4092 afferendum
596 4013 661 4120 jus
682 4014 859 4121 Regium
874 4012 1123 4108 defensores,
1153 4012 1218 4094 sed
1240 4007 1282 4090 ad

141 4128 319 4207 aerarium
338 4124 637 4233 compilandum
657 4124 762 4205 sures
778 4126 907 4234 potius
923 4124 1117 4205 videmini
1132 4122 1280 4205 venisse.

142 4240 343 4348 Equidem
362 4239 469 4344 quod
491 4235 592 4329 sum,
618 4236 828 4345 profiteor;
859 4235 967 4342 quod
987 4236 1169 4345 Regibus
1188 4261 1283 4344 nego

136 4353 200 4459 jus
212 4349 370 4446 esse,vel
382 4351 423 4430 in
435 4376 558 4457 regno
569 4348 709 4457 quovis
725 4349 906 4458 legitimo
916 4376 1135 4460 pernegare
1149 4350 1283 4432 aufim:
