2888 5204
143 195 221 280 39²
390 153 615 252 Authoris
639 190 725 286 pro
750 151 793 249 se
819 147 1046 249 Desenfio

141 330 271 426 serim,
291 331 513 436 conjedturd
532 358 601 438 per
620 327 657 408 se
678 328 826 436 assequi
844 355 964 408 nemo
981 323 1101 405 facile
1119 349 1201 404 non
1219 350 1290 431 po·

142 445 248 536 terit,
261 445 328 523 cui
343 445 384 522 id
406 441 525 521 modb
544 439 731 521 credibile
752 467 832 521 non
851 441 899 519 fit
911 467 1009 519 eum
1022 435 1065 517 ob
1072 436 1238 547 flagitia
1253 434 1289 512 in

142 557 296 635 Italtirm
318 553 536 664 prosugrffi,
564 554 636 662 qui
654 552 856 659 religionis
884 550 1038 631 ibidem
1063 546 1290 629 confitenda

143 667 366 775 periculum
386 668 500 746 toties
519 666 672 747 adierit.
734 664 910 770 Nugaris
924 661 1068 742 deinde
1084 660 1232 753 multa3
1252 676 1289 737 et

141 780 348 865 machaeras
366 798 402 857 et
421 777 573 884 legiones
592 777 715 884 garris
731 777 881 857 Pontiae
900 775 1094 880 mastigia.
1139 767 1289 850 Verbm

143 888 225 970 haec
245 890 331 971 satis
351 890 529 969 risimus:
561 917 665 968 nunc
681 888 924 969 luculentam
942 906 984 967 et
1001 886 1201 992 infignem
1219 880 1290 962 ho-

144 1003 263 1083 minis
274 1002 517 1082 calumniam
530 1000 657 1108 quaeso
668 1000 882 1093 attendite;
903 1017 949 1079 ut
957 997 1204 1106 cognoscatis
1217 1022 1290 1102 qua

143 1112 220 1193 fide
239 1116 302 1192 vel
322 1116 364 1193 in
383 1113 496 1199 sacris
513 1114 634 1196 etiam
653 1112 791 1205 literis,
811 1139 909 1219 quas
926 1138 1023 1195 cum
1042 1109 1201 1192 summa
1212 1108 1288 1186 Ec·

142 1225 264 1309 clefiae
277 1227 495 1332 ignominia
506 1225 726 1333 profitetur,
738 1222 878 1306 versari
893 1223 1029 1318 soleat;
1047 1219 1174 1330 quim
1188 1218 1289 1297 nulla

143 1337 207 1422 isti
225 1336 377 1420 falsario
397 1336 633 1423 Ecclefiastae
656 1335 797 1443 religio
816 1335 861 1415 lit
879 1335 1046 1419 verbum
1066 1330 1199 1443 ipsum
1214 1329 1288 1411 Dei

144 1448 425 1532 sacrosanctum
443 1476 710 1557 corrumpere,
734 1448 762 1529 si
779 1448 820 1526 id
838 1448 1101 1531 commodum
1120 1444 1193 1525 fibi
1211 1440 1288 1523 fore

143 1562 366 1643 crediderit.
426 1564 514 1666 Ego
530 1580 576 1640 ut
595 1559 816 1640 refellerem
827 1588 908 1654 eos,
919 1559 990 1668 qui
1002 1554 1289 1641 Grammatistae

144 1692 211 1753 aut
228 1674 380 1753 Critico
395 1672 540 1777 Magni
557 1672 720 1751 titulum
740 1691 779 1751 et
797 1698 1020 1778 cognomen
1033 1670 1288 1777 largiriinep·

145 1782 286 1865 tiffime
302 1783 438 1878 solent,
454 1784 505 1863 fic
526 1783 776 1892 scripseram:
803 1784 841 1864 Is
861 1784 961 1863 solus
975 1808 1145 1888 magnus
1157 1781 1289 1888 estap-

145 1896 362 2005 pellandus,
392 1898 462 2004 qui
487 1924 546 1979 res
570 1923 731 2004 magnas
755 1914 824 1979 aut
850 1897 952 2003 gerit
975 1912 1043 1974 aut
1064 1894 1200 1985 docet,
1227 1908 1290 1969 aut

144 2007 263 2115 digne
283 2007 427 2088 scribit.
489 2010 592 2117 Qis
608 2006 683 2089 hac
699 2007 892 2088 veriffimd
910 2006 1097 2086 sententis
1115 2002 1288 2085 offenda·

146 2140 222 2212 tur,
252 2121 322 2205 nifi
349 2120 656 2200 Grammatista?
689 2121 802 2230 Qid
824 2119 891 2205 hle
919 2119 1047 2199 noster
1076 2114 1289 2225 proseflbr?

144 2232 185 2310 id
205 2232 273 2326 est,
297 2234 442 2341 inquit,
469 2235 540 2341 qui
564 2260 624 2313 res
644 2260 806 2340 magnas
826 2233 954 2325 docet,
980 2249 1025 2310 ut
1044 2228 1233 2314 Miltonus
1248 2225 1289 2306 de

143 2343 330 2440 dmartiir,
350 2367 418 2427 aut
436 2342 555 2453 digne
575 2344 722 2439 scribit,
749 2363 793 2425 ut
811 2345 998 2426 Miltonus
1016 2339 1108 2422 idem
1122 2359 1196 2450 pro
1216 2342 1289 2422 Po·

137 2457 241 2563 pulo,
259 2456 314 2536 bis
330 2486 499 2562 magnus.
559 2458 760 2567 Lepidum
775 2455 861 2536 sane
880 2458 1288 2563 interpretamentum,

144 2569 284 2647 More!
306 2587 344 2647 et
357 2567 528 2673 ejusdem
541 2567 655 2676 plane
670 2568 839 2663 artificii,
854 2597 935 2676 quo
949 2565 1160 2672 Evangelii
1171 2565 1288 2644 etiam

146 2680 278 2759 locum
298 2680 414 2758 illum
433 2680 482 2759 de
501 2680 678 2760 divortiis
699 2708 776 2759 non
796 2681 929 2773 verbo,
955 2678 1019 2758 sed
1037 2677 1153 2757 fastis
1172 2678 1287 2755 inter-

145 2812 316 2899 pretatus
346 2821 400 2873 es.
461 2793 575 2871 Licet
608 2792 660 2872 ob
691 2792 964 2875 scortationem
994 2791 1198 2873 dimittere
1231 2785 1290 2866 vel

146 2932 312 2984 uxorem
343 2904 406 2983 vel
437 2902 637 3012 sponsam:
675 2907 816 2984 Morus
845 2932 941 2984 cum
968 2899 1194 3011 desponsata
1224 2898 1292 2979 fibi

146 3015 287 3101 Pontia
317 3016 501 3097 scortatus
532 3016 610 3111 est3
642 3045 751 3124 ergo,
782 3017 874 3095 licet
893 3017 1015 3095 Moto
1043 3013 1224 3122 sponsam
1242 3012 1291 3090 ob

7 3228 9 3232 Α
146 3127 419 3215 scortationem
451 3129 665 3212 dimittere.
724 3130 807 3206 Vos
840 3130 875 3207 0
906 3145 961 3206 tot
996 3126 1208 3233 Principes,
1239 3140 1291 3202 tot

147 3243 341 3334 Praeerat,
361 3258 416 3320 tot
432 3240 617 3345 Eccleſsae,
634 3257 689 3319 tot
708 3239 937 3332 Academica,
963 3267 1045 3346 quae
1064 3239 1166 3317 hunc
1184 3234 1293 3315 homi-

145 3383 223 3435 nem
227 3353 376 3459 fovetis
392 3370 429 3431 et
447 3352 604 3444 ornatis,
617 3351 683 3430 vel
696 3352 832 3460 optatis
850 3369 886 3430 et
906 3348 1113 3444 exambita,
1132 3374 1292 3429 evocare

147 3493 251 3544 nunc
270 3466 449 3544 certatim
469 3463 576 3546 hunc
596 3463 721 3555 vobis,
742 3464 820 3571 qula
839 3462 1047 3554 sacrarum,
1064 3461 1145 3571 qud
1165 3458 1292 3570 profa-

146 3603 286 3655 narum
310 3575 510 3654 literarum
531 3576 786 3684 interpretem
811 3592 892 3653 tam
920 3573 1045 3653 fidum
1071 3593 1112 3653 et
1135 3573 1293 3680 religio·

146 3685 255 3780 sum;
287 3707 331 3765 ut
348 3685 467 3767 sacras
487 3686 691 3794 profanare
712 3687 841 3770 literas
862 3688 966 3793 apud
982 3711 1049 3764 vos
1069 3682 1148 3793 qua
1169 3682 1290 3774 fatris,

145 3794 224 3905 qud
238 3800 474 3878 commentis
493 3798 568 3876 suis
588 3799 717 3909 possit.
775 3798 853 3878 Vel
873 3798 956 3877 stid
971 3795 1140 3877 minimd
1161 3796 1293 3884 vultis,

145 3937 238 3989 nam
263 3911 481 3991 Doaorem
507 3906 614 3989 hunc
637 3910 958 3993 commentitium
988 3906 1106 4015 longe
1137 3905 1293 4016 latdque

146 4022 479 4126 olfecissejamdiu
493 4022 791 4116 videmini,date
803 4021 940 4101 saltem
952 4038 991 4100 et
1002 4019 1209 4100 concedite
1222 4018 1294 4103 hoc.

148 4137 311 4244 palpum
336 4136 482 4214 tumori
501 4132 675 4214 hominis
698 4153 737 4213 et
761 4133 958 4241 gloriola:
990 4151 1150 4212 evocate
1170 4129 1296 4242 quaeso

148 4275 217 4354 per
235 4247 362 4326 literas
382 4244 504 4355 quim
530 4243 764 4326 honorificas
784 4246 1011 4325 Ludionem
1028 4242 1138 4324 hunc
1159 4242 1296 4324 cathe-

148 4359 345 4452 dratium3
378 4359 442 4438 sed
461 4385 553 4439 cum
574 4357 648 4439 hac
667 4359 863 4450 cautione,
893 4358 919 4437 fi
947 4356 1039 4436 salvi
1067 4355 1142 4437 esse
1161 4356 1295 4447 vultis,
