2888 5204
156 199 239 280 334
400 156 627 254 Authoris
655 194 742 291 pro
767 155 811 253 se
835 153 1069 255 Desenfio

153 340 335 446 gentium
354 339 513 419 auribus
533 359 688 419 tautum
708 367 787 419 non
813 336 970 420 fastidio
994 340 1044 420 sit
1068 360 1222 450 potem,
1238 363 1295 417 ex·

154 452 296 561 periar.
356 450 540 531 Parsurus
567 453 708 559 utique
739 451 906 533 omniuo
935 451 1035 533 huic
1066 480 1211 563 opere,
1239 448 1295 529 nis

153 562 416 644 accusationes
444 561 547 642 mihi
579 564 708 643 nescio
740 591 838 671 quas
868 562 997 658 salsas,
1031 582 1077 644 et
1110 561 1295 646 mendacia

152 674 350 780 objecisset
368 676 619 769 adversarius,
639 702 762 783 quam
780 703 858 784 ego
876 678 1083 757 maculam
1104 698 1177 758 aut
1192 673 1295 785 suspi-

153 788 311 866 cionem
335 784 529 866 adhaerere
557 786 660 866 mihi
682 788 852 868 minime
870 791 977 870 volo.
1040 791 1217 907 Qando
1233 785 1295 867 hot

153 898 362 979 necessario
390 900 611 980 tollendum
639 899 742 980 mihi
772 929 872 980 onus
901 902 973 995 est,
1005 901 1120 982 dabit
1147 901 1294 1011 quisque

152 1011 324 1104 veniam,
345 1013 404 1090 uti
433 1010 560 1121 spero,
581 1012 608 1092 fi
634 1013 785 1122 populo
811 1013 883 1121 qui
910 1040 990 1092 non
1016 1012 1132 1094 defui
1155 1014 1293 1126 pridem

153 1142 195 1204 et
215 1123 473 1233 Reipublicae,
494 1121 683 1204 mihimet
700 1153 806 1205 nunc
826 1153 905 1204 non
924 1123 1108 1206 defuero.

211 1238 416 1348 Qoniam
436 1237 568 1344 itaque
590 1255 696 1317 tuam
712 1237 845 1344 fidem,
863 1238 999 1332 More,
1018 1266 1147 1346 quam
1165 1237 1208 1316 in
1225 1232 1292 1345 ipso

152 1348 277 1427 libelli
295 1349 412 1428 titulo
427 1367 469 1427 tu
482 1347 673 1457 publicam
686 1377 816 1444 vocas,
834 1352 924 1457 Ego
942 1348 1191 1458 publicatam
1202 1348 1293 1455 jam·

152 1459 305 1539 dudum
335 1479 376 1539 et
404 1462 599 1569 perditam
630 1460 723 1555 scio,
744 1464 799 1541 ita
821 1460 928 1541 ultrb
953 1462 1087 1541 statim
1106 1460 1219 1542 nobis
1234 1458 1293 1540 ob·

151 1569 323 1678 stringis,
344 1591 390 1650 ut
406 1571 542 1680 stquid
561 1602 683 1652 eorum
710 1573 750 1652 in
775 1592 814 1653 te
837 1572 1063 1681 agnosceres,
1083 1602 1175 1683 quae
1198 1572 1246 1652 de
1262 1588 1292 1649 te

152 1708 228 1789 ego
249 1682 481 1791 scripserim,
502 1683 675 1790 majorem
701 1684 740 1766 in
763 1684 906 1766 modum
931 1685 1150 1793 irascerere,
1170 1712 1222 1765 ex
1237 1710 1292 1762 ore

151 1796 334 1903 inprimis
354 1815 437 1889 tuo,
450 1824 531 1904 quo
551 1799 692 1905 laqueo
708 1797 803 1877 solet
818 1797 1027 1906 improbus
1041 1798 1191 1877 irretiri
1205 1795 1293 1874 sem·

150 1935 222 2016 per
240 1928 280 1988 et
298 1909 401 2016 capi,
424 1909 685 2014 judicandum
709 1928 749 1988 te
773 1911 959 1990 omnibus
976 1929 1098 2018 atque
1116 1909 1293 1989 damuan-

150 2019 249 2098 dum
268 2020 423 2100 addico.
477 2018 587 2102 Cism
605 2023 714 2101 enim
734 2042 774 2101 et
800 2050 851 2102 ex
879 2022 1070 2131 perpetud
1091 2019 1293 2111 calumnii,

149 2132 228 2239 qui
247 2160 385 2211 meum
405 2159 524 2212 omne
543 2133 696 2212 dietum
714 2153 783 2213 aut
801 2131 952 2213 fastum
978 2135 1021 2214 in
1047 2133 1292 2214 deterrimam

149 2263 303 2352 partem
324 2243 460 2336 trahis,
488 2241 632 2352 mdque
651 2245 817 2325 obruere
838 2245 985 2325 invidit
1003 2247 1161 2355 quaeris,
1189 2265 1230 2326 et
1251 2268 1293 2324 ex

149 2357 415 2448 contumeliis,
447 2383 542 2462 quas
577 2356 728 2465 semper
758 2358 1016 2465 iniquiffimas
1050 2359 1230 2467 undique
1259 2357 1293 2436 in

149 2495 214 2545 me
234 2469 373 2576 arripis
384 2468 598 2573 jaciendas,
620 2496 671 2547 ex
697 2469 883 2550 omnibus
907 2469 1077 2578 denique
1104 2471 1224 2578 signis
1243 2486 1293 2549 at·

148 2607 226 2686 que
256 2579 411 2659 indiciis
439 2582 503 2660 irae
530 2579 645 2660 facile
672 2601 856 2690 appareat
875 2579 1217 2661 vehementissimi:
1245 2600 1289 2672 te,

148 2693 328 2799 quamvis
351 2692 391 2769 id
420 2691 539 2800 usque
566 2720 699 2800 neges,
720 2713 761 2772 et
786 2691 1023 2802 apertissime
1052 2693 1179 2788 irasci,
1199 2692 1292 2773 effu·

148 2831 239 2911 gere
261 2830 338 2881 non
358 2822 468 2913 potes
488 2806 585 2912 quin
606 2807 778 2912 arguaris
797 2806 1005 2913 agnoscere
1025 2807 1066 2884 in
1087 2825 1127 2885 te
1143 2834 1203 2900 ea,
1216 2832 1292 2915 quae

146 2916 208 2995 vel
228 2915 404 3026 affinxfffl
424 2915 495 2996 tibi
516 2946 581 2996 me
601 2919 670 3010 ais,
690 2916 753 2996 vel
772 2919 814 2996 in
835 2921 966 2998 lucem
986 2918 1204 3026 protulisse.

206 3030 307 3108 Duae
326 3028 412 3108 sunt
439 3058 497 3108 res
525 3056 694 3135 quarum
721 3055 795 3134 ego
822 3048 859 3109 te
880 3028 1152 3140 postulabam:
1182 3031 1293 3110 altera

148 3140 394 3245 injuriarum,
426 3141 546 3220 altera
580 3139 836 3246 flagitiorum.
908 3142 1163 3247 lnjuriarum,
1193 3138 1292 3250 qudd

146 3252 270 3332 libelli
303 3256 343 3333 in
375 3280 444 3333 nos
475 3253 737 3332 clamosissimi
770 3251 930 3333 Author
963 3253 1177 3348 extitisses3
1208 3278 1291 3332 nam

145 3364 253 3471 qudd
274 3365 469 3475 populum
488 3366 758 3471 Anglicanum
786 3365 873 3445 satis
900 3365 1036 3444 laedere
1057 3366 1291 3445 existimares

146 3496 183 3556 te
204 3505 281 3556 non
332 3477 513 3570 osse,nis1
541 3504 606 3556 me
632 3476 779 3557 eximie
808 3496 945 3586 praetcr
963 3495 1120 3557 caeteros
1140 3476 1289 3567 laefisses,

146 3589 186 3665 id
204 3616 278 3694 ego
303 3508 444 3668 honori
474 3587 575 3667 mihi
602 3591 748 3697 potius,
769 3587 891 3697 quam
909 3589 1162 3669 contumeliae
1180 3590 1287 3670 duco.

146 3700 179 3777 F
183 3699 317 3807 lagitia
331 3699 424 3779 vero
443 3721 509 3780 tua
529 3730 857 3796 commemorare,
874 3721 919 3781 ut
937 3702 1106 3807 dignum
1126 3722 1225 3796 erat,
1236 3698 1288 3779 id·

144 3813 249 3891 circo
275 3839 354 3889 non
379 3813 579 3918 gravabar,
608 3835 653 3894 ut
677 3815 937 3906 ostenderem,
967 3812 1162 3921 fiquidem
1186 3815 1219 3894 is
1240 3809 1288 3890 est

144 3922 345 4003 habendus
365 3924 547 4002 clamoris
566 3924 722 4019 author,
743 3928 814 4033 qui
840 3926 979 4019 edidit,
999 3944 1040 4004 et
1066 3925 1168 4006 alius
1192 3919 1288 4006 certe

142 4054 280 4146 praeter
300 4054 337 4115 te
358 4063 476 4114 nemo
503 4034 689 4117 haetenus
717 4038 954 4147 comparuit,
975 4033 1097 4145 quim
1122 4037 1228 4119 casto
1245 4060 1288 4114 ex

142 4178 209 4229 ore
228 4148 377 4228 clamor
399 4147 464 4228 ille
485 4148 731 4258 prorupisset.
771 4151 883 4260 Qid
903 4170 945 4228 tu
965 4150 1013 4229 ad
1034 4146 1149 4229 haec?
1180 4172 1287 4256 negas

139 4282 177 4342 te
204 4258 412 4342 authorem
431 4261 536 4340 illius
560 4261 708 4354 libelli;
740 4280 779 4341 et
807 4264 861 4341 ita
887 4260 1035 4355 sedulo,
1054 4261 1112 4342 ita
1139 4255 1286 4372 prolix&

141 4402 273 4482 negas,
294 4370 389 4453 cism
410 4391 542 4452 tamen
569 4373 668 4452 liber
694 4373 761 4452 ille
790 4402 1043 4483 nequaquam
1064 4375 1139 4454 tibi
1161 4372 1289 4484 displi-
