2888 5204
340 580 523 673 Contra¹
546 574 872 674 Alexandrum
896 576 1105 675 Morum.
1217 622 1238 704 3
1246 623 1292 704 51

138 778 244 831 curn
257 750 308 830 s1c
324 751 387 858 agi
402 769 599 859 oportere,
619 751 772 845 decere,
789 752 1011 844 convenire,
1029 752 1243 833 rationibus
1259 772 1300 834 et

140 865 409 969 argumentis,
434 881 480 943 ut
499 864 579 973 ipse
599 883 725 973 putat,
751 861 984 943 Christianis
1003 863 1211 944 defendere
1231 893 1300 945 co-

142 992 282 1055 natur.
342 975 547 1082 Cognosce
567 1003 687 1070 nunc,
705 977 731 1055 fi
747 995 873 1084 potes,
894 993 1003 1055 tuam
1019 976 1099 1084 ipse
1115 977 1303 1085 iniquita-

142 1106 260 1169 tem:
287 1081 383 1166 clim
412 1089 578 1181 externi,
604 1086 652 1166 ad
681 1115 779 1195 quos
803 1086 931 1167 nostra
961 1087 1062 1167 nihil
1087 1091 1299 1197 pertinent,

141 1199 263 1279 nobis
282 1200 345 1277 vel
368 1198 610 1279 acerbiffimb
633 1200 889 1294 maledicunt,
914 1219 954 1278 et
983 1200 1300 1281 maledicentiam

143 1310 277 1421 ipsam
296 1310 526 1406 defendunt,
547 1313 605 1392 vis
624 1339 761 1414 omnes
781 1312 932 1419 legant:
963 1308 1057 1390 clun
1078 1339 1153 1418 ego
1171 1332 1211 1393 et
1228 1341 1301 1421 pro

144 1451 244 1503 meo
263 1425 304 1502 in
324 1425 492 1531 patriam
510 1424 657 1517 officio,
678 1443 718 1502 et
733 1424 1042 1530 Magistratuum
1062 1422 1166 1528 jussu
1190 1452 1300 1505 meos

143 1537 257 1615 cives
273 1562 318 1614 ac
333 1535 554 1643 populares,
571 1564 637 1615 me
656 1535 826 1644 denique
847 1534 976 1644 ipsum
996 1534 1148 1645 probris
1167 1539 1300 1616 omni-

143 1646 225 1727 bus
243 1645 375 1726 laesum
395 1645 578 1741 defendo,
594 1649 652 1727 vis
666 1675 804 1727 omnes
816 1647 981 1754 lugeant.
1040 1647 1152 1725 Tum
1166 1675 1300 1727 cavere

145 1761 363 1840 Lenorem
373 1756 503 1862 jubes,
517 1785 566 1837 ne
581 1787 646 1838 me
661 1758 790 1839 credat
802 1758 1041 1869 Hisloricum.
1099 1760 1156 1839 At
1172 1786 1300 1867 neque
1407 1799 1411 1805 ·

144 1891 193 1952 tu
210 1870 399 1949 Albertus
415 1897 455 1949 es
469 1872 702 1962 Crantzius;
723 1889 762 1950 et
777 1870 854 1951 hoc
871 1869 943 1950 tibi
961 1869 1072 1949 edico
1088 1897 1237 1965 caveas,
1251 1900 1300 1951 ne

145 2009 228 2091 ego
248 2000 461 2089 antequam
479 2010 710 2092 peroravero
726 2002 764 2063 te
780 1979 896 2063 citilss
909 1982 1166 2077 Mendacem,
1178 1981 1301 2091 quim

148 2113 196 2176 tu
216 2120 283 2173 me
305 2090 567 2174 Fabulatorem
589 2123 790 2204 coarguas.
844 2095 938 2201 Qis
965 2112 1003 2174 et
1025 2094 1147 2204 qualis
1159 2095 1220 2200 stt
1242 2095 1303 2204 sse

148 2206 354 2302 Miltonru,
366 2206 511 2314 inquis,
524 2206 662 2311 ignoro.
725 2209 822 2288 Non
837 2207 1030 2315 displicet3
1053 2212 1300 2315 nequeenim

150 2319 252 2398 tanti
272 2318 328 2397 est
348 2334 462 2396 tuum
482 2318 586 2397 nosse
605 2336 770 2399 autnon
789 2317 916 2398 nosse:
947 2320 1036 2426 Ego
1057 2318 1149 2397 verb
1170 2337 1207 2398 te
1228 2320 1302 2399 sta-

149 2431 229 2510 tim
249 2430 342 2509 novi
355 2447 395 2509 et
411 2430 598 2510 morbum
613 2449 743 2511 tuum.
802 2431 972 2538 Qisstt,
989 2432 1134 2537 inquis,
1149 2430 1274 2537 ignoro
1284 2461 1298 2522 ,·

150 2539 271 2621 libelli
279 2539 466 2647 rej'ussatis
479 2539 619 2623 docent.
679 2543 866 2623 Indocilis
881 2569 974 2647 ergo
993 2542 1217 2635 Crantzius,
1231 2543 1301 2650 qui

152 2653 331 2759 ignorat;
355 2656 583 2734 temerarius
600 2655 697 2734 item
708 2673 826 2762 atque
841 2653 1019 2759 injurius,
1033 2655 1104 2761 qui
1117 2654 1300 2761 ignotum

151 2763 290 2844 illaesus
308 2764 427 2859 laedis,
442 2767 513 2874 qui
531 2794 602 2874 per
615 2766 855 2847 calumniam
870 2793 916 2844 ac
927 2765 1188 2845 maledicendi
1203 2793 1301 2875 prae-

152 2903 366 2987 properam
393 2876 599 2957 libidinem
622 2905 672 2957 ex
697 2877 799 2959 libro
818 2877 866 2957 de
891 2876 1083 2972 divortiis,
1110 2878 1199 2957 loco
1222 2905 1302 2957 non

152 2988 289 3081 citato,
310 2988 525 3069 verbisaut
545 3017 622 3070 non
643 2989 757 3099 plene
776 3007 844 3070 aut
864 3017 1070 3099 perperam
1085 2989 1300 3099 adscriptis,

155 3096 414 3208 Blasphemiae
437 3099 535 3180 falsb
563 3102 774 3183 infimulas.
833 3101 900 3180 Tu
929 3100 1032 3196 ante,
1064 3100 1238 3210 quisquis
1261 3130 1301 3182 es

155 3211 337 3305 Crantzi,
351 3213 399 3291 *in
418 3213 564 3292 malam
592 3213 741 3323 pestem
764 3212 918 3306 abieris,
939 3211 1059 3321 quim
1079 3213 1216 3293 dixisse
1236 3241 1301 3292 me

154 3323 381 3403 Dollrinam
409 3325 616 3432 Evangelii
640 3342 678 3405 et
696 3328 808 3406 Dom.
835 3324 949 3433 nostri
974 3325 1071 3433 Jesu
1092 3324 1191 3404 Cleri
1216 3325 1234 3403 i
1259 3325 1302 3405 de

154 3435 336 3515 Deirortio
355 3434 419 3545 sse
434 3437 684 3530 Diabolicam,
701 3437 864 3544 usquam
879 3437 1086 3516 inveneris.
1131 3435 1252 3544 de
1274 3438 1301 3517 fi

153 3544 241 3627 dixi
272 3545 440 3643 fortasse,
464 3576 586 3656 quarn
611 3550 703 3628 inde
728 3549 942 3628 conficiunt
969 3548 1147 3656 vulgares
1180 3549 1301 3627 inter-

153 3677 284 3767 pretes
303 3659 537 3755 doctrinam,
554 3660 632 3769 qui
650 3660 738 3770 post
756 3661 970 3740 divortium
990 3657 1199 3740 necessario
1218 3658 1300 3739 sac-

155 3787 259 3864 tum,
298 3799 417 3851 omne
455 3772 561 3851 aliud
600 3772 900 3852 matrimonium
937 3772 1190 3866 interdicunt,
1228 3772 1302 3852 esse

154 3882 425 3976 Diabolicam,
444 3884 483 3963 id
499 3883 572 3963 esse
590 3881 881 3994 Blasphemiam
901 3912 981 3991 quo
997 3902 1040 3963 tu
1060 3887 1173 3993 pasto
1192 3886 1300 3965 evin-

152 3994 238 4073 cis?
258 3995 328 4074 nisr
349 3994 491 4076 siforte
507 3993 809 4102 Theologorum
825 3995 978 4076 dictatis
992 3995 1190 4105 quibusvis
1206 4025 1302 4077 con-

153 4107 358 4200 tradicere,
390 4134 496 4187 nunc
526 4106 704 4217 primism
734 4106 982 4217 Blasphemia
1010 4107 1066 4186 est
1094 4108 1301 4190 credenda.

155 4219 281 4329 Qud
298 4236 433 4298 autem
452 4219 621 4300 affirmas
634 4220 870 4300 Dostrinam
889 4221 938 4298 de
954 4220 1147 4301 Divottiis
1161 4221 1209 4300 ab
1228 4251 1303 4302 onr-

152 4329 263 4410 nibus'
282 4329 509 4439 patribusci
538 4329 724 4439 Theologis
751 4331 939 4412 veteribus
964 4350 1003 4412 et
1030 4331 1226 4423 hodiernis,
1255 4334 1303 4414 ab

153 4441 318 4522 omnibus
332 4443 543 4524 Academiis
561 4462 598 4524 et
615 4443 784 4548 Ecclefiis
795 4444 1042 4538 Britannicis,
1056 4445 1302 4539 Hollandicis,

156 4553 317 4635 Gallicis
336 4554 478 4635 eodem
498 4555 618 4635 modo
642 4556 847 4665 explicari,
871 4555 965 4636 scito
991 4575 1029 4636 te
1051 4554 1305 4637 vehementer

152 4663 412 4746 hallucinari:
434 4685 474 4746 et
489 4668 752 4775 ignorantiam
769 4669 936 4748 Dostori
948 4667 1021 4747 tibi
1036 4686 1076 4747 et
1093 4667 1301 4777 praesertim

153 4776 424 4887 reprehensori
445 4799 603 4890 turpem
622 4779 812 4892 prodere:
843 4809 963 4889 quarn
992 4780 1020 4861 fi
1043 4798 1168 4875 vacat,
1191 4782 1231 4861 in
1255 4810 1302 4861 eo
