2888 5204
148 207 228 286 330
432 172 524 263 Pro
549 165 735 301 Populo
759 164 1028 299 Anglicano

145 367 291 420 exuere
315 368 396 421 non
417 362 617 451 poterunt.
677 344 725 424 ld
742 342 852 451 quod
871 344 1064 423 Romanis
1083 342 1201 423 etiam
1219 369 1278 421 an·

147 453 268 561 tiquis
286 453 387 534 luxu
399 455 487 561 jam
504 453 637 538 stadiis
655 483 701 536 ac
718 453 989 536 diffluentibus
1004 454 1171 566 perstpe
1189 455 1279 535 aeci·

145 566 232 644 dit:
261 568 545 648 recentioribus
575 567 705 649 multb
737 569 888 676 magis:
925 565 1023 649 ciam
1052 569 1175 676 longo
1206 566 1281 677 poti

147 695 327 786 tempore
348 679 566 760 Crescentii
595 681 842 762 Nomentani
869 679 1065 790 auspiciis,
1096 699 1137 760 et
1164 678 1281 789 poster

145 789 247 868 duce
269 791 441 871 Nicolao
462 795 624 889 Rentio,
644 793 771 902 quise
791 792 997 873 tribunum
1019 791 1147 901 plebis
1166 792 1282 873 nomi·

146 922 320 996 naverat,
351 907 556 1012 antiquam
585 933 771 986 renovare
799 906 969 1012 gloriam
989 906 1229 998 Romanam,
1251 922 1284 983 et

146 1042 233 1093 rem
263 1015 436 1096 ublicam
451 1019 651 1098 restituere
663 1018 904 1099 affectarent.
948 1017 1097 1097 Scitote
1112 1018 1283 1110 enim,ne

148 1043 582 1225 fortd‘stomachemini,
608 1151 676 1212 aut
699 1157 943 1239 quemquam
968 1150 1109 1239 praeter
1132 1129 1285 1211 vosmet·

148 1238 250 1348 ipsos
278 1241 480 1350 inculpare
505 1242 668 1352 poffitis,
688 1242 839 1336 scitote,
859 1242 1203 1349 quemadmodum
1222 1238 1284 1321 effe

147 1348 334 1447 liberum,
354 1354 462 1435 idem
478 1354 593 1464 planis
609 1356 667 1435 est
686 1375 802 1464 atque
818 1353 893 1433 effe
912 1356 1042 1464 pium,
1057 1354 1134 1434 effe
1150 1353 1285 1462 sapien·

148 1482 248 1558 tem,
284 1465 359 1544 effe
386 1467 541 1573 justum
570 1495 615 1547 ac
647 1485 948 1578 temperantem,
981 1464 1040 1546 sui
1070 1466 1284 1576 providum,

147 1575 268 1655 alieni
292 1578 567 1674 abstinentem,
591 1601 710 1690 atque
734 1579 877 1660 exinde
900 1581 1066 1659 demum
1091 1578 1285 1686 magnani-

148 1714 264 1766 mum
283 1716 329 1769 ac
353 1688 514 1786 fortem,
538 1694 593 1772 ita
620 1692 682 1774 his
703 1692 946 1773 contrarium
968 1689 1058 1785 effe,
1090 1690 1199 1771 idem
1223 1686 1284 1769 effe

148 1819 265 1908 atque
285 1801 359 1882 effe
375 1803 554 1884 servum:
585 1805 775 1913 solitoque
792 1805 873 1883 Dei
885 1803 1038 1909 judicio
1052 1823 1095 1883 et
1113 1803 1221 1912 quaii
1238 1821 1284 1882 ta·

149 1911 254 1992 lione
268 1913 475 2019 justiffima
494 1916 553 2010 fit,
577 1937 623 1996 ut
641 1945 727 2025 quae
745 1944 841 2023 gens
861 1915 898 1995 se
917 1943 1050 2025 regere
1070 1914 1190 2024 seque
1207 1941 1284 1996 mo·

149 2025 276 2105 derari
291 2029 442 2136 nequit,
458 2028 609 2137 suisque
625 2029 706 2140 ipsa
718 2028 755 2108 se
772 2029 1000 2109 libidinibus
1014 2028 1057 2106 in
1071 2025 1286 2109 servitutem

150 2135 323 2231 tradidit,
335 2169 382 2219 ea
398 2140 498 2234 aliis,
510 2142 654 2249 quibus
667 2142 804 2235 nollet,
819 2141 992 2221 dominis
1010 2139 1204 2221 tradatur:
1224 2163 1284 2218 nec

150 2247 274 2331 libens
294 2251 429 2346 modo,
447 2252 511 2332 sed
531 2255 652 2334 invita
671 2281 831 2362 quoque
851 2252 1003 2333 serviat.
1035 2254 1160 2364 Qud
1179 2251 1285 2331 etiam

149 2380 190 2439 et
202 2361 291 2466 jure
308 2383 347 2443 et
360 2366 497 2445 naturd
515 2367 600 2476 ipsi
614 2365 807 2446 sancitum
820 2364 900 2445 est:
932 2385 978 2444 ut
993 2365 1065 2472 qui
1079 2368 1210 2474 impos
1223 2362 1285 2454 sui,

150 2474 222 2579 qui
241 2501 311 2583 per
335 2477 513 2585 inopiam
538 2480 683 2558 mentis
710 2497 778 2559 aut
800 2476 978 2558 furorem
1000 2476 1083 2557 suas
1109 2504 1169 2557 res
1195 2470 1286 2556 reue

150 2583 417 2667 administrare
437 2591 589 2698 nequit,
606 2592 646 2670 in
666 2589 733 2670 sus
752 2591 940 2699 potestate
956 2616 1004 2669 ne
1025 2589 1096 2668 fit:
1129 2588 1192 2667 sed
1211 2605 1286 2668 tan·

149 2722 270 2803 quam
290 2701 479 2809 pupillus,
509 2703 637 2783 alieno
665 2704 830 2783 dedatur
852 2702 1045 2812 imperi03
1076 2693 1226 2781 nedum
1251 2715 1287 2779 ut

149 2810 285 2891 alienis
314 2815 497 2920 negotiis,
518 2835 586 2895 aut
610 2814 777 2924 reipubl.
800 2814 1067 2925 praeficiendus
1096 2813 1155 2896 fit.
1213 2809 1289 2922 Qi

148 2921 263 3002 liberi
287 2924 410 3031 igitur
429 2926 546 3007 vultis
567 2955 811 3037 permanere,
836 2948 904 3008 aut
933 2926 1052 3036 sapite
1080 2925 1284 3036 imprimis,

148 3054 216 3114 aut
228 3036 528 3146 quamprimum
545 3039 777 3149 refipiscite:
799 3040 827 3119 fi
841 3039 980 3120 servire
994 3039 1142 3118 durum
1155 3037 1225 3131 est,
1236 3053 1286 3117 at-

148 3173 226 3253 que
239 3148 505 3243 nolitis,redtae
521 3153 662 3232 rationi
676 3153 947 3261 obtemperare
962 3150 1113 3244 discite,
1126 3147 1285 3230 vestrim

147 3257 221 3337 esse
241 3283 468 3371 compotes;
500 3262 696 3373 postremi>
716 3263 965 3357 factionibus,
985 3264 1101 3356 odiis,
1118 3260 1286 3373 supersti-

150 3371 336 3469 tionibus,
357 3374 523 3479 injuriis,
542 3376 770 3458 libidinibus
796 3405 840 3456 ac
864 3377 1009 3487 rapinis
1030 3376 1204 3456 invicem
1227 3373 1287 3454 ab

148 3481 299 3564 stinete.
332 3487 379 3565 Id
395 3488 465 3567 niti
481 3516 552 3597 pro
567 3490 673 3568 virili
688 3488 812 3568 vestra
832 3510 941 3599 parte
960 3487 1150 3583 feceritis,
1170 3510 1285 3595 neque

148 3592 240 3673 Deo
260 3625 388 3705 neque
408 3597 650 3694 hominibus,
672 3630 720 3680 ne
738 3601 873 3681 vestris
898 3601 1063 3710 quidem
1083 3600 1171 3706 jam
1193 3622 1285 3679 nunc

147 3703 432 3803 liberatoribus,
453 3713 586 3792 idonei
611 3713 788 3822 poteritis
815 3715 956 3808 videri,
983 3740 1103 3823 penes
1123 3740 1221 3822 quos
1245 3709 1285 3789 li·

146 3814 273 3900 bertas
292 3841 333 3901 et
352 3824 575 3933 reipublicae
600 3825 846 3932 gubernati0‚
876 3847 917 3907 et
944 3826 1169 3935 imperandi
1196 3822 1284 3912 aliis,

145 3933 254 4036 quod
267 3951 347 4012 tam
366 3936 509 4044 cupide
525 3939 635 4017 vobis
647 3940 849 4043 arrogatis,
864 3937 1029 4048 potestas
1041 3933 1285 4046 relinquenda

146 4041 215 4122 srt:
237 4072 330 4125 cum
348 4065 475 4128 tutore
495 4052 625 4159 potius
645 4049 778 4159 aliquo
790 4079 1002 4158 rerumque
1017 4043 1284 4130 vestrarumfi·

146 4155 226 4234 deli
245 4185 289 4237 ac
304 4156 396 4239 forti
414 4181 591 4241 curatore
609 4182 796 4270 tanquam
812 4164 965 4273 pupilla
976 4190 1088 4271 gens,
1102 4182 1191 4243 tum
1205 4157 1285 4269 qui·

144 4266 235 4346 dem
252 4270 470 4379 indigeatis.
530 4275 595 4354 Ad
612 4303 677 4353 me
692 4274 800 4381 quod
816 4279 968 4373 attinet,
983 4302 1221 4383 quocunque
1235 4294 1284 4350 res

145 4379 315 4477 redierit,
329 4413 449 4493 quam
466 4414 541 4496 ego
555 4414 716 4497 operam
730 4415 863 4468 meam
876 4387 1052 4469 maxime
1069 4416 1120 4468 ex
1137 4386 1208 4467 usu
1220 4383 1286 4465 rei·
