2888 5204
981 432 998 454 ⁴

319 506 324 515 Ι
381 542 621 645 Defensio.
662 550 782 679 Cap.
813 579 859 643 2.
1133 589 1184 671 43

32 717 96 799 suo
109 719 204 826 jure
222 740 343 830 atque
363 722 405 801 in
424 723 622 803 Davidem
642 720 1026 815 eximidclementid,
1040 739 1080 803 et
1091 750 1185 831 pec-

30 851 118 911 cato
138 832 305 914 absolvit
324 862 476 942 regem,
497 854 537 915 et
563 833 645 943 ipsa
671 833 810 913 mortis
839 832 1040 927 sententid,
1061 863 1184 943 quarn

29 943 124 1022 isin
144 943 402 1055 semetipsum
422 947 752 1056 pronuntiaverat.
773 973 812 1023 v.
839 971 903 1052 13.
924 973 993 1025 non
1016 974 1052 1025 es
1073 948 1186 1027 mori-

29 1072 158 1135 turus.
180 1057 307 1138 Nunc
321 1059 362 1137 in
373 1059 606 1139 advocatum
619 1057 747 1136 nescio
760 1084 881 1164 quem
894 1055 1185 1162 sanguinarium

29 1164 301 1263 debaccharis,
325 1188 367 1250 et
391 1171 432 1249 in
459 1198 507 1250 eo
530 1189 635 1250 totus
658 1196 699 1248 es
718 1186 763 1247 ut
788 1168 1075 1276 perorationem
1104 1170 1186 1276 ejus

31 1277 214 1360 refellas:
244 1280 295 1360 de
313 1309 393 1389 qua
415 1281 496 1391 ipse
515 1280 677 1374 viderit;
709 1306 784 1386 ego
807 1279 915 1387 quod
941 1280 1186 1389 propofitum

32 1388 138 1469 mihi
150 1390 223 1483 est,
236 1392 279 1472 id
291 1420 368 1500 ago
380 1412 425 1473 ut
435 1391 556 1502 qudm
567 1390 805 1501 pauciffimis
821 1389 1031 1471 absolvam.
1064 1397 1186 1503 Qae·

32 1502 127 1581 dam
147 1524 283 1583 tamen
303 1506 496 1613 praeterire
516 1531 595 1584 non
615 1502 792 1612 poffum3
813 1498 1006 1610 primirm,
1020 1503 1186 1610 insignes

32 1616 314 1724 repugnantias
331 1636 438 1697 tuas:
468 1617 539 1725 qui
566 1644 608 1726 p.
632 1643 697 1721 30.
719 1613 801 1693 haec
825 1612 969 1693 habes:
1001 1613 1186 1720 Israe‘litae

32 1754 101 1805 non
125 1724 378 1834 deprecantur
402 1726 571 1837 injustum
589 1755 725 1833 regem,
752 1725 966 1819 vt'oleatum,
986 1743 1187 1835 raptorem,

33 1856 69 1917 et
80 1837 214 1947 quales
222 1837 289 1947 effe
285 1839 451 1946 solerent
462 1838 529 1948 qui
532 1838 680 1946 peffimi.
725 1839 783 1915 At
795 1865 835 1945 p.
850 1861 919 1938 42.
934 1837 1187 1919 Advocatum

33 1949 196 2029 vellicas
207 1949 317 2058 qubd
330 1950 518 2030 Israelitas
530 1968 740 2058 tyrannum
752 1948 886 2057 petiffe
898 1968 1088 2055 arguerat.
1118 1952 1186 2029 An

33 2059 205 2168 desumo,
217 2060 364 2170 inquis,
377 2060 416 2141 in
414 2062 609 2170 flammam
621 2060 676 2140 ire
683 2059 900 2170 precipites
910 2061 1137 2153 maluerunt,
1150 2061 1192 2142 id

34 2172 81 2296 pi
76 2171 281 2278 saevttt'ram
283 2172 509 2281 peffimorum
520 2190 762 2283 tyrannorum
772 2171 940 2281 experiri
940 2169 1067 2281 potiris
1076 2170 1187 2281 qudrn

24 2282 391 2393 juda‘cesmalospati
396 2282 527 2394 quibus
524 2283 611 2390 jam
619 2283 867 2392 affiaeverant.
899 2282 989 2362 Illic
998 2283 1187 2363 Hebraeos

35 2393 217 2474 maluisse
239 2397 295 2475 ais
323 2413 502 2503 tyrannos
522 2393 643 2505 qudm
659 2394 828 2501 judices,
848 2393 915 2473 hic
927 2393 1081 2497 judices
1100 2421 1187 2473 ma-

36 2504 149 2586 luisse
177 2502 299 2614 qudm
326 2526 522 2614 tyrannos,
542 2526 582 2587 et
600 2507 698 2587 nihil
716 2506 835 2585 minus
860 2502 971 2615 qudrn
988 2521 1188 2615 tyrannum

36 2617 145 2698 volui
168 2647 201 2699 ι.
260 2619 325 2697 De
352 2639 421 2699 tuo
448 2619 570 2725 igitur
596 2616 843 2727 respondebit
865 2618 938 2697 tibi
963 2618 1186 2711 advocatus,

29 2727 148 2836 juxta
158 2729 270 2809 enim
280 2731 457 2811 teomnis
468 2758 538 2810 rex
546 2730 635 2835 jure
648 2731 757 2836 regio
769 2748 952 2835 tyrannus
963 2728 1032 2808 est.
1065 2730 1188 2840 Qud

37 2840 217 2950 sequitur
232 2841 333 2922 bene
352 2839 484 2935 babet,
499 2841 764 2922 authoritatem
783 2840 822 2920 in
841 2840 973 2950 populo
991 2841 1188 2920 maximam

37 2952 270 3062 tuncfuiffl',
289 2952 388 3063 qudd
396 2952 545 3059 judices
562 2952 824 3061 repudiarunt,
850 2981 971 3059 regem
994 2969 1187 3060 optarunt.

40 3063 394 3160 Memineris,cum
407 3062 656 3173 hocegodte
669 3063 882 3174 reposcam.
923 3064 1189 3170 NegasDeum

40 3174 185 3255 uatum
202 3177 385 3281 Israi'litis
402 3206 524 3284 regem
542 3194 719 3286 tanquam
738 3194 937 3284 tyrannum
955 3192 1024 3256 aut
1040 3193 1189 3283 paenam

40 3286 343 3397 attribuiffe,sed
350 3307 394 3369 ut
403 3288 694 3395 remsalutarem
705 3304 742 3366 et
753 3286 892 3367 bonam.
923 3288 1042 3392 Qud
1057 3307 1189 3368 tamen

40 3396 159 3479 facile
173 3397 379 3482 refellitur.
439 3401 524 3479 Cur
539 3400 646 3479 enim
666 3399 932 3479 exclamarent
951 3418 1112 3507 propter
1126 3427 1188 3477 re-

40 3536 137 3617 gem
161 3510 280 3589 illum
302 3539 425 3619 quem
447 3513 659 3618 elegerant,
680 3510 750 3590 nifi
774 3508 881 3617 qubd
905 3537 964 3588 res
987 3509 1190 3613 maluerat

41 3622 261 3731 imperium
277 3624 455 3730 regium;
480 3650 559 3702 non
571 3622 735 3730 quidem
751 3619 887 3731 perse,
903 3619 966 3699 sed
982 3619 1089 3726 qubd
1104 3619 1190 3726 ple-

41 3760 215 3841 runque,
243 3733 340 3814 ficut
359 3730 557 3842 Propheta
582 3731 649 3812 hlc
673 3752 823 3825 monet,
844 3732 884 3808 in
912 3730 1130 3841 superbiam
1151 3750 1190 3811 et

42 3844 358 3925 dominationem
377 3845 413 3924 se
424 3846 630 3925 convertit.
690 3845 731 3923 Si
746 3842 875 3923 adhuc
891 3871 968 3922 non
984 3842 1189 3937 satisfaciu,

41 3954 209 4063 agnosce
226 3956 313 4062 jam
338 3976 418 4052 tua,
446 3954 705 4065 syngrapham
725 3952 886 4060 agnosce
908 3972 1016 4033 tuam
1036 3974 1076 4033 et
1100 3983 1190 4034 eru-

42 4065 180 4162 besce3
200 4069 405 4178 Apparatu
417 4068 466 4148 ad
479 4068 710 4177 primatum,
722 4067 856 4146 Iratus
868 4068 976 4147 Deus
986 4094 1106 4173 regem
1118 4066 1192 4145 illis

42 4176 142 4259 dedit
160 4210 180 4259 o
212 4180 316 4286 erfias
332 4209 453 4260 eorum
464 4179 645 4288 peccatu,
665 4176 761 4287 qudd
775 4180 900 4259 Deum
918 4176 1053 4256 habere
1071 4206 1191 4283 regem

43 4178 256 4483 renffnt.
314 4293 380 4371 Ita
404 4290 568 4396 Ecclesta
593 4291 697 4399 quast
717 4291 755 4369 in
774 4306 923 4396 paenam
947 4287 1026 4394 ejus
1052 4286 1189 4382 delini,

43 4402 111 4510 qud
151 4400 180 4481 d
191 4419 292 4512 puro
303 4402 385 4483 Dei
399 4404 505 4483 cultu
521 4399 741 4506 desciverat,
753 4402 791 4480 in
811 4401 919 4480 unius
934 4400 1101 4479 mortalis
1115 4429 1190 4481 mo·

42 4514 200 4595 narchae
214 4513 410 4623 plusquam
433 4514 576 4621 regium
603 4511 825 4593 dominatum
854 4510 946 4591 data
978 4512 1040 4619 ιβ.
1099 4511 1190 4590 Tua

43 4625 168 4734 igitur
182 4624 399 4706 similitudo
418 4626 529 4706 fifibi
540 4625 703 4718 constat,
723 4643 791 4704 aut
805 4622 913 4703 dedit
925 4624 1037 4702 Deus
1056 4649 1191 4728 regem

45 4736 229 4819 Israelitis
242 4737 284 4819 in
304 4764 477 4847 poenam,
492 4756 533 4818 et
548 4754 735 4846 tanquam
753 4765 839 4817 rem
858 4734 1020 4827 malam,
1039 4749 1107 4811 aut
1121 4732 1192 4811 de-
