2888 5204
138 632 193 719 72
415 595 508 690 Pro
532 590 719 730 Populo
743 589 1014 726 Anglicano

141 789 233 852 cant
252 766 594 850 indiscriminatim
606 769 734 876 jubet.
792 771 940 878 Neque
954 789 1000 851 tu
1018 767 1152 874 legem
1168 762 1296 847 ullam

142 881 341 991 scriptam,
357 908 434 961 non
454 880 653 991 scriptam,
670 883 904 976 naturalem,
919 901 987 963 aut
1003 881 1184 961 divinam
1202 903 1297 986 pro·

142 994 266 1076 tulisti
285 1020 372 1102 quae
390 1012 552 1074 vetaret.
611 995 698 1074 Cur
722 992 819 1104 ergb
838 1021 918 1074 non
937 996 978 1074 in
1003 1019 1115 1102 reges
1132 1014 1296 1099 quoque

143 1104 562 1187 animadvertendum?
591 1106 680 1216 quia
693 1104 793 1211 stant
815 1107 926 1188 etan
948 1104 1043 1186 nali
1062 1103 1088 1184 d
1108 1105 1193 1184 Deo
1210 1129 1298 1182 con·

132 1218 281 1328 stituti.
324 1216 583 1299 Nebulonem
594 1237 633 1298 te
649 1220 775 1327 magis
791 1247 842 1299 an
856 1218 1024 1298 bardum
1038 1237 1079 1298 et
1093 1213 1300 1297 caudicem

144 1330 219 1411 esse
243 1331 398 1411 dicam?
429 1327 684 1438 nequiffimus
715 1331 761 1412 fis
790 1359 815 1411 o
870 1349 947 1410 rtet
977 1330 1050 1439 qui
1075 1329 1298 1409 doctrinam

148 1441 509 1555 perniciofiffimam
531 1443 573 1522 in
593 1441 735 1551 vulgus
758 1359 1005 1523 dffimim
1031 1441 1189 1533 audem,
1217 1436 1300 1517 stu-

146 1553 365 1664 pidiffimus
390 1556 463 1661 qui
491 1556 640 1636 ratione
667 1573 750 1634 tam
776 1554 913 1636 stolida
941 1550 1116 1635 maxime
1144 1549 1296 1630 nitaris.

150 1668 269 1747 Dixit
284 1667 396 1746 Deus
412 1665 516 1746 Isaiae
531 1691 597 1774 54.
628 1668 710 1773 Ego
721 1667 855 1746 creavi
866 1665 1135 1774 interfectorem
1147 1660 1203 1744 ad
1202 1677 1301 1853 K

148 1776 328 1870 dendum3
348 1804 443 1885 ergo
455 1776 681 1859 interfector
692 1776 806 1887 supra
817 1777 924 1887 leges
937 1777 1017 1868 est;
1046 1794 1189 1856 excute
1288 1829 1300 1864 ‚

151 1909 192 1970 et
218 1888 401 1999 pervolve
421 1911 616 1996 quantum
635 1889 757 1983 voles,
776 1918 913 1999 parem
937 1887 1148 1997 utrobique
1165 1883 1304 1968 conse-

153 2003 359 2111 quentiam
374 2002 562 2082 invenies.
594 2002 707 2083 Nam
718 2020 759 2081 et
771 2004 877 2112 Papa
890 2004 1011 2082 etiam
1023 2001 1166 2081 eodem
1180 1996 1303 2079 modo

150 2140 232 2221 quo
251 2132 436 2221 tyrannus
452 2109 474 2192 i
490 2115 581 2194 Deo
600 2113 657 2194 est
670 2113 918 2208 constitutus,
931 2132 971 2192 et
986 2112 1153 2193 ecclefiae
1164 2112 1206 2190 in
1218 2136 1305 2220 poe-

154 2252 247 2305 nam
261 2224 390 2319 datus,
409 2225 517 2333 quod
535 2224 648 2335 supra
663 2253 714 2305 ex
734 2224 887 2337 scriptis
905 2227 1026 2306 etiam
1040 2226 1117 2306 tuis
1130 2221 1306 2304 ostendi·

153 2363 267 2432 mus3
297 2356 429 2418 tamen
453 2337 541 2446 quia
559 2337 805 2446 infastigium
817 2337 1008 2447 potcstatis
1025 2331 1305 2443 tranferendum

153 2448 347 2559 tyrannidi
361 2479 430 2530 nan
440 2449 611 2556 abſsnrilis
619 2449 946 2559 prainatumstrurn
960 2449 1099 2542 evexit,
1112 2445 1195 2528 crint
1208 2472 1305 2539 eunt,

153 2578 232 2640 tum
251 2560 424 2671 epffcapas
448 2562 591 2642 mela'ori
610 2561 706 2668 jure
732 2561 902 2643 tollendos
926 2561 993 2672 affl
1009 2560 1176 2670 affirmas
1193 2556 1306 2669 quaint

141 2672 261 2779 fuere
279 2672 478 2781 constituti.
519 2674 628 2753 Wal.
647 2672 749 2757 Mes.
771 2702 812 2783 p.
827 2700 924 2777 412·
984 2675 1134 2783 Papam
1149 2690 1190 2751 et
1203 2671 1307 2780 epis·

154 2811 275 2893 copos
287 2785 466 2893 quamvis
478 2784 527 2865 ab
540 2787 638 2865 irato
651 2788 742 2866 Deo
754 2785 982 2867 constitutos
995 2813 1046 2865 ex
1057 2782 1217 2865 ecclefia
1229 2781 1306 2862 tol·

157 2895 292 2975 leudos
305 2896 379 2976 effe
399 2897 468 2990 ais,
481 2899 573 3005 quia
589 2899 674 2978 sunt
689 2899 866 3005 tyranni3
888 2917 1070 3006 tyrannos
1084 2925 1135 2976 ex
1148 2892 1306 3004 republ.

158 3007 349 3103 tollendos
365 3007 439 3087 esse
456 3036 573 3116 negas
589 3010 682 3118 quia
699 3008 849 3089 suntab
867 3011 964 3090 irato
979 3011 1070 3090 Deo
1087 3006 1305 3090 constituti.

161 3121 298 3229 lnepte
327 3118 480 3229 prorsus
508 3141 549 3201 et
576 3119 763 3201 absurde:
794 3149 889 3201 cum
917 3122 1027 3202 enim
1046 3122 1153 3230 Papa
1181 3118 1309 3228 ipsam

158 3232 451 3326 conscientiam,
471 3260 557 3340 quae
582 3231 660 3313 sola
686 3260 855 3341 reguum
873 3233 956 3340 ejus
975 3233 1042 3326 est,
1062 3232 1187 3311 invito
1205 3257 1309 3339 quo-

158 3372 280 3451 quam
297 3343 431 3424 mdere
447 3372 526 3424 non
543 3346 671 3454 poffit,
687 3373 782 3425 eum
800 3347 869 3452 qui
887 3343 1019 3425 reveri
1034 3363 1219 3453 tyrannus
1234 3340 1310 3422 esse

160 3483 239 3535 non
265 3455 407 3565 potest,
426 3455 533 3565 quafi
559 3477 769 3565 tyrannum
793 3456 1065 3565 gravissimum
1087 3455 1311 3537 tollendum

158 3567 232 3648 esse
246 3569 391 3648 clamas
405 3599 416 3662 ;
448 3589 657 3675 tyrannum
672 3589 806 3648 autem
822 3597 961 3649 verum
976 3569 1044 3678 qui
1058 3569 1181 3648 vitam
1195 3585 1238 3647 et
1249 3565 1311 3646 fa-

159 3680 324 3760 cultates
343 3679 490 3760 nostras
509 3709 646 3761 omnes
666 3681 707 3760 in
727 3681 915 3790 potestate
934 3681 999 3760 sua
1018 3679 1151 3774 habet,
1172 3696 1215 3758 et
1232 3678 1312 3758 fine

160 3819 241 3899 quo
257 3793 362 3900 Papa
382 3793 422 3871 in
442 3792 600 3872 ecclesia
620 3812 803 3900 tyrannus
818 3792 892 3872 esse
909 3793 1062 3900 nequit,
1076 3819 1172 3872 eum
1187 3791 1230 3869 in
1246 3816 1311 3869 re·

161 3903 258 4010 pub.
277 3904 441 3982 omnino
458 3901 665 3984 ferendum
682 3904 755 3983 esse
772 3903 988 3984 contendis.
1046 3904 1147 3984 Haec
1158 3922 1227 3982 tua
1239 3901 1311 3981 fibi

161 4015 334 4093 invicem
357 4014 497 4094 collata
521 4035 602 4095 tam
624 4016 856 4125 imperitum
877 4035 915 4097 te
935 4035 1095 4124 tamque
1114 4013 1313 4124 puerile'm

162 4127 238 4206 five
258 4124 341 4204 falfi
361 4127 436 4205 five
451 4128 533 4206 veri
552 4147 818 4234 argutatorem
833 4129 1019 4237 produnt,
1034 4145 1079 4207 ut
1092 4126 1229 4207 levitas
1243 4144 1313 4205 tua

161 4238 326 4330 inscitia,
348 4240 559 4332 temeritas,
578 4241 832 4346 incogitantia
852 4241 1054 4320 neminem
1072 4235 1234 4348 posthac
1253 4237 1313 4316 la·

163 4372 242 4431 tere
255 4369 387 4458 queat.
444 4352 502 4430 At
513 4352 612 4431 ratio
624 4350 751 4430 subest
761 4352 895 4447 altera,
907 4347 1315 4457 rerumviccsinversae

161 4461 393 4555 viderentur,
406 4463 555 4573 quippe
569 4463 608 4541 in
622 4464 787 4557 melius;
815 4467 949 4544 aslum
960 4464 1069 4543 enim
1080 4462 1174 4542 esset
1183 4460 1235 4540 de
1250 4488 1317 4540 re·

162 4575 235 4656 bus
255 4572 453 4669 humanis,
470 4574 497 4654 fi
517 4603 603 4683 quae
622 4602 682 4655 res
701 4574 867 4684 peffimo
882 4575 970 4656 lom
989 4574 1091 4668 sunt,
1107 4574 1148 4653 in
1170 4570 1316 4654 eodem

164 4686 316 4797 semper
336 4684 500 4766 starent:
530 4689 572 4766 in
588 4686 731 4767 melius
751 4689 939 4796 inquam3
970 4683 1185 4768 authoritas
1202 4686 1317 4766 enim

162 4800 269 4906 regia
293 4798 342 4880 ad
364 4799 560 4910 populum
582 4798 740 4895 rediret,
765 4799 815 4880 ab
838 4799 949 4906 cujus
970 4799 1172 4882 voluntate
1194 4814 1318 4909 atque
