<?xml version="1.0" encoding="UTF-8"?>
<!DOCTYPE html PUBLIC "-//W3C//DTD XHTML 1.0 Transitional//EN"
    "http://www.w3.org/TR/xhtml1/DTD/xhtml1-transitional.dtd">
<html xmlns="http://www.w3.org/1999/xhtml" xml:lang="en" lang="en">
 <head>
  <title>
</title>
<meta http-equiv="Content-Type" content="text/html;charset=utf-8" />
  <meta name='ocr-system' content='tesseract 3.04.00' />
  <meta name='ocr-capabilities' content='ocr_page ocr_carea ocr_par ocr_line ocrx_word'/>
</head>
<body>
  <div class='ocr_page' id='page_1' title='image "./worksjohnmilton07miltgoog_0040.png"; bbox 0 0 2888 5204; ppageno 0'>
   <div class='ocr_carea' id='block_1_1' title="bbox 499 521 1300 659">
    <p class='ocr_par' dir='ltr' id='par_1_1' title="bbox 499 521 1300 659">
     <span class='ocr_line' id='line_1_1' title="bbox 499 521 1300 659; baseline 0.001 -37"><span class='ocrx_word' id='word_1_1' title='bbox 499 521 740 622; x_wconf 83' lang='lat' dir='ltr'>Defenst0.</span> <span class='ocrx_word' id='word_1_2' title='bbox 780 530 899 659; x_wconf 88' lang='lat' dir='ltr'>Cap.</span> <span class='ocrx_word' id='word_1_3' title='bbox 932 568 969 626; x_wconf 90' lang='lat'>1.</span> <span class='ocrx_word' id='word_1_4' title='bbox 1249 568 1300 650; x_wconf 82' lang='lat'>²3</span> 
     </span>
    </p>
   </div>
   <div class='ocr_carea' id='block_1_2' title="bbox 137 697 1301 2572">
    <p class='ocr_par' dir='ltr' id='par_1_2' title="bbox 137 697 1301 2572">
     <span class='ocr_line' id='line_1_2' title="bbox 139 697 1300 809; baseline 0.004 -34"><span class='ocrx_word' id='word_1_5' title='bbox 139 697 326 804; x_wconf 89' lang='lat' dir='ltr'>quidem,</span> <span class='ocrx_word' id='word_1_6' title='bbox 347 701 374 780; x_wconf 86' lang='lat' dir='ltr'>fi</span> <span class='ocrx_word' id='word_1_7' title='bbox 395 698 473 780; x_wconf 93' lang='lat' dir='ltr'>hoc</span> <span class='ocrx_word' id='word_1_8' title='bbox 491 728 634 780; x_wconf 90' lang='lat' dir='ltr'>verum</span> <span class='ocrx_word' id='word_1_9' title='bbox 650 700 755 795; x_wconf 81' lang='lat' dir='ltr'>esset,</span> <span class='ocrx_word' id='word_1_10' title='bbox 776 701 919 809; x_wconf 90' lang='lat' dir='ltr'>quibus</span> <span class='ocrx_word' id='word_1_11' title='bbox 940 702 981 781; x_wconf 92' lang='lat' dir='ltr'>in</span> <span class='ocrx_word' id='word_1_12' title='bbox 996 718 1155 782; x_wconf 88' lang='lat' dir='ltr'>caeteros</span> <span class='ocrx_word' id='word_1_13' title='bbox 1171 700 1300 808; x_wconf 88' lang='lat' dir='ltr'>impe·</span> 
     </span>
     <span class='ocr_line' id='line_1_3' title="bbox 145 811 1301 921; baseline 0.003 -33"><span class='ocrx_word' id='word_1_14' title='bbox 145 811 659 893; x_wconf 88' lang='lat' dir='ltr'>riumfitvirisinsoeminas.</span> <span class='ocrx_word' id='word_1_15' title='bbox 693 812 763 921; x_wconf 80' lang='lat' dir='ltr'>Isti</span> <span class='ocrx_word' id='word_1_16' title='bbox 756 813 869 920; x_wconf 72' lang='lat' dir='ltr'>stent,</span> <span class='ocrx_word' id='word_1_17' title='bbox 879 814 946 921; x_wconf 83' lang='lat' dir='ltr'>qui</span> <span class='ocrx_word' id='word_1_18' title='bbox 954 813 1114 921; x_wconf 85' lang='lat' dir='ltr'>regimen</span> <span class='ocrx_word' id='word_1_19' title='bbox 1125 813 1301 919; x_wconf 85' lang='lat' dir='ltr'>regnian-</span> 
     </span>
     <span class='ocr_line' id='line_1_4' title="bbox 142 921 1300 1035; baseline 0.004 -35"><span class='ocrx_word' id='word_1_20' title='bbox 142 921 291 1030; x_wconf 79' lang='lat' dir='ltr'>tiquam</span> <span class='ocrx_word' id='word_1_21' title='bbox 303 923 343 1004; x_wconf 89' lang='lat' dir='ltr'>in</span> <span class='ocrx_word' id='word_1_22' title='bbox 353 925 469 1003; x_wconf 84' lang='lat' dir='ltr'>alium</span> <span class='ocrx_word' id='word_1_23' title='bbox 480 922 576 1035; x_wconf 76' lang='lat' dir='ltr'>quid</span> <span class='ocrx_word' id='word_1_24' title='bbox 583 925 758 1033; x_wconf 77' lang='lat' dir='ltr'>pluribus</span> <span class='ocrx_word' id='word_1_25' title='bbox 768 925 939 1034; x_wconf 85' lang='lat' dir='ltr'>tyrannis</span> <span class='ocrx_word' id='word_1_26' title='bbox 953 944 1138 1019; x_wconf 83' lang='lat' dir='ltr'>teneatur,</span> <span class='ocrx_word' id='word_1_27' title='bbox 1153 944 1300 1005; x_wconf 82' lang='lat' dir='ltr'>mutare</span> 
     </span>
     <span class='ocr_line' id='line_1_5' title="bbox 137 1035 1298 1176; baseline 0.004 -65"><span class='ocrx_word' id='word_1_28' title='bbox 137 1035 459 1144; x_wconf 73' lang='lat' dir='ltr'>praeſstmpserunt</span> <span class='ocrx_word' id='word_1_29' title='bbox 470 1067 485 1129; x_wconf 91' lang='lat'>,·</span> <span class='ocrx_word' id='word_1_30' title='bbox 506 1035 609 1116; x_wconf 67' lang='lat' dir='ltr'>redte</span> <span class='ocrx_word' id='word_1_31' title='bbox 628 1037 793 1145; x_wconf 90' lang='lat' dir='ltr'>quidem</span> <span class='ocrx_word' id='word_1_32' title='bbox 812 1037 873 1115; x_wconf 92' lang='lat' dir='ltr'>illi</span> <span class='ocrx_word' id='word_1_33' title='bbox 891 1056 931 1116; x_wconf 93' lang='lat' dir='ltr'>et</span> <span class='ocrx_word' id='word_1_34' title='bbox 950 1035 1132 1131; x_wconf 84' lang='lat' dir='ltr'>feliciter,</span> <span class='ocrx_word' id='word_1_35' title='bbox 1145 1064 1243 1176; x_wconf 62' lang='lat' dir='ltr'>cpuos</span> <span class='ocrx_word' id='word_1_36' title='bbox 1256 1056 1298 1116; x_wconf 93' lang='lat' dir='ltr'>tu</span> 
     </span>
     <span class='ocr_line' id='line_1_6' title="bbox 145 1145 1295 1258; baseline 0.004 -35"><span class='ocrx_word' id='word_1_37' title='bbox 145 1145 435 1254; x_wconf 85' lang='lat' dir='ltr'>reprehendere</span> <span class='ocrx_word' id='word_1_38' title='bbox 463 1176 541 1228; x_wconf 90' lang='lat' dir='ltr'>non</span> <span class='ocrx_word' id='word_1_39' title='bbox 570 1167 697 1258; x_wconf 87' lang='lat' dir='ltr'>potes,</span> <span class='ocrx_word' id='word_1_40' title='bbox 726 1150 823 1255; x_wconf 92' lang='lat' dir='ltr'>quin</span> <span class='ocrx_word' id='word_1_41' title='bbox 844 1148 957 1228; x_wconf 89' lang='lat' dir='ltr'>fimul</span> <span class='ocrx_word' id='word_1_42' title='bbox 979 1147 1186 1229; x_wconf 87' lang='lat' dir='ltr'>soediffime</span> <span class='ocrx_word' id='word_1_43' title='bbox 1205 1147 1295 1228; x_wconf 89' lang='lat' dir='ltr'>bar-</span> 
     </span>
     <span class='ocr_line' id='line_1_7' title="bbox 145 1255 1297 1368; baseline 0.003 -34"><span class='ocrx_word' id='word_1_44' title='bbox 145 1255 263 1338; x_wconf 86' lang='lat' dir='ltr'>barus</span> <span class='ocrx_word' id='word_1_45' title='bbox 283 1278 324 1339; x_wconf 91' lang='lat' dir='ltr'>et</span> <span class='ocrx_word' id='word_1_46' title='bbox 341 1259 503 1340; x_wconf 89' lang='lat' dir='ltr'>soloecus</span> <span class='ocrx_word' id='word_1_47' title='bbox 522 1261 584 1354; x_wconf 87' lang='lat' dir='ltr'>fis,</span> <span class='ocrx_word' id='word_1_48' title='bbox 605 1287 683 1339; x_wconf 93' lang='lat' dir='ltr'>non</span> <span class='ocrx_word' id='word_1_49' title='bbox 704 1262 880 1341; x_wconf 91' lang='lat' dir='ltr'>moribus</span> <span class='ocrx_word' id='word_1_50' title='bbox 901 1257 1042 1355; x_wconf 78' lang='lat' dir='ltr'>solitm,</span> <span class='ocrx_word' id='word_1_51' title='bbox 1064 1260 1127 1341; x_wconf 91' lang='lat' dir='ltr'>sed</span> <span class='ocrx_word' id='word_1_52' title='bbox 1146 1260 1297 1368; x_wconf 87' lang='lat' dir='ltr'>syntaxi</span> 
     </span>
     <span class='ocr_line' id='line_1_8' title="bbox 144 1370 1297 1482; baseline 0.003 -35"><span class='ocrx_word' id='word_1_53' title='bbox 144 1370 286 1464; x_wconf 89' lang='lat' dir='ltr'>etiam,</span> <span class='ocrx_word' id='word_1_54' title='bbox 299 1372 649 1480; x_wconf 89' lang='lat' dir='ltr'>grammaticorum</span> <span class='ocrx_word' id='word_1_55' title='bbox 662 1373 934 1482; x_wconf 88' lang='lat' dir='ltr'>opprobrium.</span> <span class='ocrx_word' id='word_1_56' title='bbox 980 1373 1106 1480; x_wconf 86' lang='lat' dir='ltr'><em>Angli</em></span> <span class='ocrx_word' id='word_1_57' title='bbox 1116 1373 1297 1453; x_wconf 82' lang='lat' dir='ltr'><em>maculam</em></span> 
     </span>
     <span class='ocr_line' id='line_1_9' title="bbox 143 1480 1296 1593; baseline 0.003 -34"><span class='ocrx_word' id='word_1_58' title='bbox 143 1480 245 1563; x_wconf 84' lang='lat' dir='ltr'>hanc</span> <span class='ocrx_word' id='word_1_59' title='bbox 272 1512 459 1593; x_wconf 86' lang='lat' dir='ltr'>nunquam</span> <span class='ocrx_word' id='word_1_60' title='bbox 485 1484 700 1567; x_wconf 85' lang='lat' dir='ltr'>deleverint.</span> <span class='ocrx_word' id='word_1_61' title='bbox 761 1483 894 1564; x_wconf 76' lang='lat' dir='ltr'>Immo</span> <span class='ocrx_word' id='word_1_62' title='bbox 918 1505 975 1578; x_wconf 92' lang='lat' dir='ltr'>tu,</span> <span class='ocrx_word' id='word_1_63' title='bbox 1001 1482 1094 1565; x_wconf 72' lang='lat' dir='ltr'>licet</span> <span class='ocrx_word' id='word_1_64' title='bbox 1112 1485 1296 1564; x_wconf 90' lang='lat' dir='ltr'>omnium</span> 
     </span>
     <span class='ocr_line' id='line_1_10' title="bbox 144 1593 1297 1704; baseline 0.003 -33"><span class='ocrx_word' id='word_1_65' title='bbox 144 1593 394 1675; x_wconf 84' lang='lat' dir='ltr'>literatorum</span> <span class='ocrx_word' id='word_1_66' title='bbox 412 1596 529 1676; x_wconf 90' lang='lat' dir='ltr'>litura</span> <span class='ocrx_word' id='word_1_67' title='bbox 548 1595 627 1703; x_wconf 92' lang='lat' dir='ltr'>ipse</span> <span class='ocrx_word' id='word_1_68' title='bbox 648 1596 709 1689; x_wconf 90' lang='lat' dir='ltr'>fis,</span> <span class='ocrx_word' id='word_1_69' title='bbox 728 1615 770 1676; x_wconf 93' lang='lat' dir='ltr'>et</span> <span class='ocrx_word' id='word_1_70' title='bbox 782 1596 872 1676; x_wconf 76' lang='lat' dir='ltr'>vere</span> <span class='ocrx_word' id='word_1_71' title='bbox 887 1597 1055 1690; x_wconf 90' lang='lat' dir='ltr'>macula,</span> <span class='ocrx_word' id='word_1_72' title='bbox 1069 1596 1297 1704; x_wconf 90' lang='lat' dir='ltr'>Anglorum</span> 
     </span>
     <span class='ocr_line' id='line_1_11' title="bbox 144 1705 1296 1817; baseline 0.002 -33"><span class='ocrx_word' id='word_1_73' title='bbox 144 1722 280 1785; x_wconf 85' lang='lat' dir='ltr'>tamen</span> <span class='ocrx_word' id='word_1_74' title='bbox 301 1705 450 1787; x_wconf 91' lang='lat' dir='ltr'>samam</span> <span class='ocrx_word' id='word_1_75' title='bbox 468 1727 509 1787; x_wconf 95' lang='lat' dir='ltr'>et</span> <span class='ocrx_word' id='word_1_76' title='bbox 527 1706 803 1817; x_wconf 88' lang='lat' dir='ltr'>sempiternam</span> <span class='ocrx_word' id='word_1_77' title='bbox 822 1708 991 1816; x_wconf 86' lang='lat' dir='ltr'>gloriam</span> <span class='ocrx_word' id='word_1_78' title='bbox 1009 1736 1213 1817; x_wconf 91' lang='lat' dir='ltr'>nunquam</span> <span class='ocrx_word' id='word_1_79' title='bbox 1227 1735 1296 1786; x_wconf 91' lang='lat' dir='ltr'>va·</span> 
     </span>
     <span class='ocr_line' id='line_1_12' title="bbox 144 1815 1294 1948; baseline 0.002 -54"><span class='ocrx_word' id='word_1_80' title='bbox 144 1815 265 1898; x_wconf 88' lang='lat' dir='ltr'>lueris</span> <span class='ocrx_word' id='word_1_81' title='bbox 284 1820 588 1901; x_wconf 85' lang='lat' dir='ltr'>commaculare.</span> <span class='ocrx_word' id='word_1_82' title='bbox 650 1820 735 1948; x_wconf 81' lang='lat' dir='ltr'>Qi</span> <span class='ocrx_word' id='word_1_83' title='bbox 749 1823 854 1899; x_wconf 69' lang='lat' dir='ltr'>tanti</span> <span class='ocrx_word' id='word_1_84' title='bbox 870 1821 993 1900; x_wconf 90' lang='lat' dir='ltr'>animi</span> <span class='ocrx_word' id='word_1_85' title='bbox 1007 1819 1294 1928; x_wconf 87' lang='lat' dir='ltr'>magnitudine,</span> 
     </span>
     <span class='ocr_line' id='line_1_13' title="bbox 143 1929 1294 2035; baseline 0.003 -29"><span class='ocrx_word' id='word_1_86' title='bbox 143 1930 295 2035; x_wconf 71' lang='lat' dir='ltr'>quanti</span> <span class='ocrx_word' id='word_1_87' title='bbox 326 1934 439 2011; x_wconf 92' lang='lat' dir='ltr'>omni</span> <span class='ocrx_word' id='word_1_88' title='bbox 472 1932 758 2012; x_wconf 74' lang='lat' dir='ltr'>memoriam</span> <span class='ocrx_word' id='word_1_89' title='bbox 794 1933 925 2013; x_wconf 85' lang='lat' dir='ltr'>audita</span> <span class='ocrx_word' id='word_1_90' title='bbox 955 1931 1026 2026; x_wconf 89' lang='lat' dir='ltr'>est,</span> <span class='ocrx_word' id='word_1_91' title='bbox 1057 1959 1135 2012; x_wconf 92' lang='lat' dir='ltr'>non</span> <span class='ocrx_word' id='word_1_92' title='bbox 1166 1929 1294 2010; x_wconf 88' lang='lat' dir='ltr'>hostes</span> 
     </span>
     <span class='ocr_line' id='line_1_14' title="bbox 144 2038 1294 2152; baseline 0.003 -33"><span class='ocrx_word' id='word_1_93' title='bbox 144 2038 304 2122; x_wconf 81' lang='lat' dir='ltr'>tantirm</span> <span class='ocrx_word' id='word_1_94' title='bbox 323 2063 506 2137; x_wconf 87' lang='lat' dir='ltr'>armatos,</span> <span class='ocrx_word' id='word_1_95' title='bbox 523 2043 587 2122; x_wconf 93' lang='lat' dir='ltr'>sed</span> <span class='ocrx_word' id='word_1_96' title='bbox 607 2042 765 2124; x_wconf 88' lang='lat' dir='ltr'>hostiles</span> <span class='ocrx_word' id='word_1_97' title='bbox 784 2045 903 2138; x_wconf 92' lang='lat' dir='ltr'>intus,</span> <span class='ocrx_word' id='word_1_98' title='bbox 922 2044 962 2123; x_wconf 90' lang='lat' dir='ltr'>id</span> <span class='ocrx_word' id='word_1_99' title='bbox 983 2044 1038 2122; x_wconf 93' lang='lat' dir='ltr'>est</span> <span class='ocrx_word' id='word_1_100' title='bbox 1055 2043 1294 2152; x_wconf 88' lang='lat' dir='ltr'>superstitio·</span> 
     </span>
     <span class='ocr_line' id='line_1_15' title="bbox 143 2148 1294 2265; baseline 0.003 -34"><span class='ocrx_word' id='word_1_101' title='bbox 143 2148 200 2231; x_wconf 80' lang='lat' dir='ltr'>sas</span> <span class='ocrx_word' id='word_1_102' title='bbox 220 2153 332 2261; x_wconf 89' lang='lat' dir='ltr'>vulgi</span> <span class='ocrx_word' id='word_1_103' title='bbox 357 2156 562 2265; x_wconf 88' lang='lat' dir='ltr'>opiniones</span> <span class='ocrx_word' id='word_1_104' title='bbox 581 2154 739 2234; x_wconf 58' lang='lat' dir='ltr'>eluctati</span> <span class='ocrx_word' id='word_1_105' title='bbox 758 2175 874 2264; x_wconf 89' lang='lat' dir='ltr'>atque</span> <span class='ocrx_word' id='word_1_106' title='bbox 892 2155 1133 2265; x_wconf 88' lang='lat' dir='ltr'>supergreffi,</span> <span class='ocrx_word' id='word_1_107' title='bbox 1154 2155 1294 2235; x_wconf 91' lang='lat' dir='ltr'>Liber-</span> 
     </span>
     <span class='ocr_line' id='line_1_16' title="bbox 142 2264 1294 2375; baseline 0.001 -32"><span class='ocrx_word' id='word_1_108' title='bbox 142 2281 302 2344; x_wconf 85' lang='lat' dir='ltr'>atorum</span> <span class='ocrx_word' id='word_1_109' title='bbox 320 2293 543 2375; x_wconf 87' lang='lat' dir='ltr'>cognomen</span> <span class='ocrx_word' id='word_1_110' title='bbox 562 2264 723 2375; x_wconf 92' lang='lat' dir='ltr'>posthac</span> <span class='ocrx_word' id='word_1_111' title='bbox 742 2296 813 2375; x_wconf 89' lang='lat' dir='ltr'>per</span> <span class='ocrx_word' id='word_1_112' title='bbox 826 2295 963 2348; x_wconf 87' lang='lat' dir='ltr'>omnes</span> <span class='ocrx_word' id='word_1_113' title='bbox 979 2287 1113 2374; x_wconf 91' lang='lat' dir='ltr'>gentes</span> <span class='ocrx_word' id='word_1_114' title='bbox 1125 2269 1165 2346; x_wconf 93' lang='lat' dir='ltr'>in</span> <span class='ocrx_word' id='word_1_115' title='bbox 1181 2294 1294 2345; x_wconf 90' lang='lat' dir='ltr'>com-</span> 
     </span>
     <span class='ocr_line' id='line_1_17' title="bbox 142 2377 1294 2488; baseline 0.002 -35"><span class='ocrx_word' id='word_1_116' title='bbox 142 2402 267 2456; x_wconf 90' lang='lat' dir='ltr'>mune</span> <span class='ocrx_word' id='word_1_117' title='bbox 284 2377 354 2456; x_wconf 87' lang='lat' dir='ltr'>fibi</span> <span class='ocrx_word' id='word_1_118' title='bbox 369 2398 629 2488; x_wconf 88' lang='lat' dir='ltr'>pepererunt:</span> <span class='ocrx_word' id='word_1_119' title='bbox 660 2379 900 2488; x_wconf 90' lang='lat' dir='ltr'>populariter</span> <span class='ocrx_word' id='word_1_120' title='bbox 913 2380 952 2459; x_wconf 94' lang='lat' dir='ltr'>id</span> <span class='ocrx_word' id='word_1_121' title='bbox 965 2380 1057 2472; x_wconf 78' lang='lat' dir='ltr'>ausr,</span> <span class='ocrx_word' id='word_1_122' title='bbox 1070 2378 1176 2486; x_wconf 91' lang='lat' dir='ltr'>quod</span> <span class='ocrx_word' id='word_1_123' title='bbox 1190 2377 1294 2487; x_wconf 91' lang='lat' dir='ltr'>apud</span> 
     </span>
     <span class='ocr_line' id='line_1_18' title="bbox 142 2487 1293 2572; baseline 0.003 -6"><span class='ocrx_word' id='word_1_124' title='bbox 142 2487 239 2568; x_wconf 87' lang='lat' dir='ltr'>alias</span> <span class='ocrx_word' id='word_1_125' title='bbox 251 2490 426 2570; x_wconf 89' lang='lat' dir='ltr'>nationes</span> <span class='ocrx_word' id='word_1_126' title='bbox 439 2489 606 2570; x_wconf 84' lang='lat' dir='ltr'>heroicae</span> <span class='ocrx_word' id='word_1_127' title='bbox 619 2487 774 2570; x_wconf 76' lang='lat' dir='ltr'>tantum</span> <span class='ocrx_word' id='word_1_128' title='bbox 786 2492 938 2572; x_wconf 89' lang='lat' dir='ltr'>virtutis</span> <span class='ocrx_word' id='word_1_129' title='bbox 951 2491 1024 2571; x_wconf 81' lang='lat' dir='ltr'>esse</span> <span class='ocrx_word' id='word_1_130' title='bbox 1037 2491 1293 2570; x_wconf 85' lang='lat' dir='ltr'>existimatur.</span> 
     </span>
    </p>
   </div>
   <div class='ocr_carea' id='block_1_3' title="bbox 134 2598 1294 3046">
    <p class='ocr_par' dir='ltr' id='par_1_3' title="bbox 134 2598 1294 3046">
     <span class='ocr_line' id='line_1_19' title="bbox 144 2598 1294 2712; baseline -0.001 -33"><span class='ocrx_word' id='word_1_131' title='bbox 144 2598 362 2707; x_wconf 73' lang='lat' dir='ltr'>Reformati</span> <span class='ocrx_word' id='word_1_132' title='bbox 373 2620 410 2682; x_wconf 86' lang='lat' dir='ltr'>et</span> <span class='ocrx_word' id='word_1_133' title='bbox 427 2602 576 2711; x_wconf 83' lang='lat' dir='ltr'>antiqui</span> <span class='ocrx_word' id='word_1_134' title='bbox 590 2602 783 2711; x_wconf 70' lang='lat' dir='ltr'>chrssiani</span> <span class='ocrx_word' id='word_1_135' title='bbox 796 2603 893 2711; x_wconf 92' lang='lat' dir='ltr'>quid</span> <span class='ocrx_word' id='word_1_136' title='bbox 912 2601 987 2683; x_wconf 91' lang='lat' dir='ltr'>hac</span> <span class='ocrx_word' id='word_1_137' title='bbox 1007 2604 1047 2681; x_wconf 92' lang='lat' dir='ltr'>in</span> <span class='ocrx_word' id='word_1_138' title='bbox 1064 2621 1171 2712; x_wconf 90' lang='lat' dir='ltr'>parte</span> <span class='ocrx_word' id='word_1_139' title='bbox 1187 2599 1294 2679; x_wconf 88' lang='lat' dir='ltr'>fece-</span> 
     </span>
     <span class='ocr_line' id='line_1_20' title="bbox 141 2710 1293 2822; baseline 0.002 -33"><span class='ocrx_word' id='word_1_140' title='bbox 141 2713 239 2806; x_wconf 89' lang='lat' dir='ltr'>rint,</span> <span class='ocrx_word' id='word_1_141' title='bbox 260 2732 327 2792; x_wconf 88' lang='lat' dir='ltr'>aut</span> <span class='ocrx_word' id='word_1_142' title='bbox 353 2711 493 2794; x_wconf 73' lang='lat' dir='ltr'>facturi</span> <span class='ocrx_word' id='word_1_143' title='bbox 516 2713 649 2808; x_wconf 83' lang='lat' dir='ltr'>essent,</span> <span class='ocrx_word' id='word_1_144' title='bbox 670 2734 757 2793; x_wconf 90' lang='lat' dir='ltr'>tum</span> <span class='ocrx_word' id='word_1_145' title='bbox 775 2714 1110 2822; x_wconf 87' lang='lat' dir='ltr'>respondebimus,</span> <span class='ocrx_word' id='word_1_146' title='bbox 1130 2710 1225 2794; x_wconf 81' lang='lat' dir='ltr'>clun</span> <span class='ocrx_word' id='word_1_147' title='bbox 1244 2712 1293 2792; x_wconf 91' lang='lat' dir='ltr'>de</span> 
     </span>
     <span class='ocr_line' id='line_1_21' title="bbox 134 2821 1293 2934; baseline 0 -31"><span class='ocrx_word' id='word_1_148' title='bbox 134 2821 229 2927; x_wconf 87' lang='lat' dir='ltr'>jure</span> <span class='ocrx_word' id='word_1_149' title='bbox 248 2842 381 2904; x_wconf 91' lang='lat' dir='ltr'>tecum</span> <span class='ocrx_word' id='word_1_150' title='bbox 400 2826 468 2907; x_wconf 93' lang='lat' dir='ltr'>suo</span> <span class='ocrx_word' id='word_1_151' title='bbox 490 2825 578 2905; x_wconf 93' lang='lat' dir='ltr'>loco</span> <span class='ocrx_word' id='word_1_152' title='bbox 597 2845 757 2934; x_wconf 88' lang='lat' dir='ltr'>agetur;</span> <span class='ocrx_word' id='word_1_153' title='bbox 787 2854 835 2906; x_wconf 91' lang='lat' dir='ltr'>ne</span> <span class='ocrx_word' id='word_1_154' title='bbox 853 2845 921 2906; x_wconf 92' lang='lat' dir='ltr'>tuo</span> <span class='ocrx_word' id='word_1_155' title='bbox 940 2828 1038 2906; x_wconf 91' lang='lat' dir='ltr'>vitio</span> <span class='ocrx_word' id='word_1_156' title='bbox 1058 2826 1293 2918; x_wconf 85' lang='lat' dir='ltr'>laboremus,</span> 
     </span>
     <span class='ocr_line' id='line_1_22' title="bbox 141 2936 1291 3046; baseline 0.002 -33"><span class='ocrx_word' id='word_1_157' title='bbox 141 2936 217 3041; x_wconf 91' lang='lat' dir='ltr'>qui</span> <span class='ocrx_word' id='word_1_158' title='bbox 254 2962 436 3042; x_wconf 88' lang='lat' dir='ltr'>gerrones</span> <span class='ocrx_word' id='word_1_159' title='bbox 474 2964 611 3017; x_wconf 92' lang='lat' dir='ltr'>omnes</span> <span class='ocrx_word' id='word_1_160' title='bbox 649 2960 689 3016; x_wconf 92' lang='lat' dir='ltr'>et</span> <span class='ocrx_word' id='word_1_161' title='bbox 722 2940 856 3017; x_wconf 87' lang='lat' dir='ltr'>Battos</span> <span class='ocrx_word' id='word_1_162' title='bbox 889 2938 1123 3046; x_wconf 89' lang='lat' dir='ltr'>loquacitate</span> <span class='ocrx_word' id='word_1_163' title='bbox 1154 2937 1291 3017; x_wconf 91' lang='lat' dir='ltr'>vincis.</span> 
     </span>
    </p>
   </div>
   <div class='ocr_carea' id='block_1_4' title="bbox 136 3048 1293 4833">
    <p class='ocr_par' dir='ltr' id='par_1_4' title="bbox 136 3048 1293 4833">
     <span class='ocr_line' id='line_1_23' title="bbox 145 3048 1291 3159; baseline 0.003 -35"><span class='ocrx_word' id='word_1_164' title='bbox 145 3048 302 3157; x_wconf 82' lang='lat' dir='ltr'>Qraeris</span> <span class='ocrx_word' id='word_1_165' title='bbox 329 3051 426 3156; x_wconf 92' lang='lat' dir='ltr'>quid</span> <span class='ocrx_word' id='word_1_166' title='bbox 453 3049 499 3129; x_wconf 92' lang='lat' dir='ltr'>fis</span> <span class='ocrx_word' id='word_1_167' title='bbox 528 3050 569 3127; x_wconf 94' lang='lat' dir='ltr'>in</span> <span class='ocrx_word' id='word_1_168' title='bbox 589 3050 717 3129; x_wconf 90' lang='lat' dir='ltr'>nostra</span> <span class='ocrx_word' id='word_1_169' title='bbox 737 3049 847 3129; x_wconf 92' lang='lat' dir='ltr'>causa</span> <span class='ocrx_word' id='word_1_170' title='bbox 866 3049 1012 3155; x_wconf 83' lang='lat' dir='ltr'>Iesuitis</span> <span class='ocrx_word' id='word_1_171' title='bbox 1031 3049 1291 3159; x_wconf 88' lang='lat' dir='ltr'>responsurus.</span> 
     </span>
     <span class='ocr_line' id='line_1_24' title="bbox 142 3158 1291 3270; baseline 0.002 -33"><span class='ocrx_word' id='word_1_172' title='bbox 142 3158 254 3237; x_wconf 84' lang='lat' dir='ltr'>Tuas</span> <span class='ocrx_word' id='word_1_173' title='bbox 273 3187 334 3239; x_wconf 91' lang='lat' dir='ltr'>res</span> <span class='ocrx_word' id='word_1_174' title='bbox 346 3187 419 3267; x_wconf 91' lang='lat' dir='ltr'>age</span> <span class='ocrx_word' id='word_1_175' title='bbox 435 3159 649 3267; x_wconf 85' lang='lat' dir='ltr'>transfuga,</span> <span class='ocrx_word' id='word_1_176' title='bbox 667 3161 811 3270; x_wconf 92' lang='lat' dir='ltr'>pudeat</span> <span class='ocrx_word' id='word_1_177' title='bbox 827 3180 864 3240; x_wconf 87' lang='lat' dir='ltr'>te</span> <span class='ocrx_word' id='word_1_178' title='bbox 878 3159 1098 3242; x_wconf 88' lang='lat' dir='ltr'>facinorum</span> <span class='ocrx_word' id='word_1_179' title='bbox 1116 3182 1291 3252; x_wconf 91' lang='lat' dir='ltr'>tuorum,</span> 
     </span>
     <span class='ocr_line' id='line_1_25' title="bbox 141 3268 1291 3382; baseline 0.003 -34"><span class='ocrx_word' id='word_1_180' title='bbox 141 3268 302 3379; x_wconf 91' lang='lat' dir='ltr'>quando</span> <span class='ocrx_word' id='word_1_181' title='bbox 331 3272 534 3352; x_wconf 90' lang='lat' dir='ltr'>ecclefiam</span> <span class='ocrx_word' id='word_1_182' title='bbox 562 3274 619 3351; x_wconf 94' lang='lat' dir='ltr'>tui</span> <span class='ocrx_word' id='word_1_183' title='bbox 645 3273 789 3381; x_wconf 83' lang='lat' dir='ltr'>pudet3</span> <span class='ocrx_word' id='word_1_184' title='bbox 827 3273 898 3379; x_wconf 93' lang='lat' dir='ltr'>qui</span> <span class='ocrx_word' id='word_1_185' title='bbox 921 3275 1137 3382; x_wconf 87' lang='lat' dir='ltr'>primatum</span> <span class='ocrx_word' id='word_1_186' title='bbox 1163 3274 1291 3381; x_wconf 86' lang='lat' dir='ltr'>Papae,</span> 
     </span>
     <span class='ocr_line' id='line_1_26' title="bbox 139 3381 1291 3491; baseline 0.003 -32"><span class='ocrx_word' id='word_1_187' title='bbox 139 3399 182 3460; x_wconf 89' lang='lat' dir='ltr'>et</span> <span class='ocrx_word' id='word_1_188' title='bbox 202 3381 405 3491; x_wconf 90' lang='lat' dir='ltr'>episcopos</span> <span class='ocrx_word' id='word_1_189' title='bbox 425 3403 505 3463; x_wconf 92' lang='lat' dir='ltr'>tam</span> <span class='ocrx_word' id='word_1_190' title='bbox 518 3384 707 3489; x_wconf 61' lang='lat' dir='ltr'>jactanter</span> <span class='ocrx_word' id='word_1_191' title='bbox 726 3383 847 3464; x_wconf 75' lang='lat' dir='ltr'>modi)</span> <span class='ocrx_word' id='word_1_192' title='bbox 867 3404 906 3463; x_wconf 92' lang='lat' dir='ltr'>et</span> <span class='ocrx_word' id='word_1_193' title='bbox 924 3383 1106 3465; x_wconf 88' lang='lat' dir='ltr'>ferociter</span> <span class='ocrx_word' id='word_1_194' title='bbox 1121 3385 1291 3478; x_wconf 88' lang='lat' dir='ltr'>adortus,</span> 
     </span>
     <span class='ocr_line' id='line_1_27' title="bbox 138 3494 1293 3606; baseline 0.003 -35"><span class='ocrx_word' id='word_1_195' title='bbox 138 3519 249 3572; x_wconf 90' lang='lat' dir='ltr'>nunc</span> <span class='ocrx_word' id='word_1_196' title='bbox 277 3494 551 3604; x_wconf 88' lang='lat' dir='ltr'>episcoporum</span> <span class='ocrx_word' id='word_1_197' title='bbox 571 3495 706 3606; x_wconf 81' lang='lat' dir='ltr'>assecla</span> <span class='ocrx_word' id='word_1_198' title='bbox 729 3496 851 3576; x_wconf 67' lang='lat' dir='ltr'>fastus</span> <span class='ocrx_word' id='word_1_199' title='bbox 872 3524 925 3575; x_wconf 90' lang='lat' dir='ltr'>es.</span> <span class='ocrx_word' id='word_1_200' title='bbox 987 3499 1135 3577; x_wconf 89' lang='lat' dir='ltr'>Fateris</span> <span class='ocrx_word' id='word_1_201' title='bbox 1154 3496 1293 3604; x_wconf 85' lang='lat' dir='ltr'>aliquos</span> 
     </span>
     <span class='ocr_line' id='line_1_28' title="bbox 138 3603 1291 3715; baseline 0.003 -34"><span class='ocrx_word' id='word_1_202' title='bbox 138 3603 442 3712; x_wconf 84' lang='lat' dir='ltr'>reformatorum,</span> <span class='ocrx_word' id='word_1_203' title='bbox 465 3635 564 3715; x_wconf 89' lang='lat' dir='ltr'>quos</span> <span class='ocrx_word' id='word_1_204' title='bbox 592 3636 671 3686; x_wconf 92' lang='lat' dir='ltr'>non</span> <span class='ocrx_word' id='word_1_205' title='bbox 701 3608 878 3688; x_wconf 88' lang='lat' dir='ltr'>nominas</span> <span class='ocrx_word' id='word_1_206' title='bbox 900 3607 992 3715; x_wconf 88' lang='lat' dir='ltr'>(ego</span> <span class='ocrx_word' id='word_1_207' title='bbox 1011 3628 1142 3687; x_wconf 91' lang='lat' dir='ltr'>tamen</span> <span class='ocrx_word' id='word_1_208' title='bbox 1161 3607 1291 3686; x_wconf 90' lang='lat' dir='ltr'>nomi-</span> 
     </span>
     <span class='ocr_line' id='line_1_29' title="bbox 141 3714 1291 3830; baseline 0.002 -36"><span class='ocrx_word' id='word_1_209' title='bbox 141 3714 248 3795; x_wconf 87' lang='lat' dir='ltr'>nabo</span> <span class='ocrx_word' id='word_1_210' title='bbox 263 3719 450 3824; x_wconf 91' lang='lat' dir='ltr'>quoniam</span> <span class='ocrx_word' id='word_1_211' title='bbox 467 3741 507 3798; x_wconf 94' lang='lat' dir='ltr'>tu</span> <span class='ocrx_word' id='word_1_212' title='bbox 520 3746 586 3798; x_wconf 87' lang='lat' dir='ltr'>eos</span> <span class='ocrx_word' id='word_1_213' title='bbox 598 3719 759 3826; x_wconf 72' lang='lat' dir='ltr'>Jtsuitis</span> <span class='ocrx_word' id='word_1_214' title='bbox 770 3720 874 3825; x_wconf 70' lang='lat' dir='ltr'>long&gt;</span> <span class='ocrx_word' id='word_1_215' title='bbox 886 3720 1031 3827; x_wconf 70' lang='lat' dir='ltr'>pq&#39;ores</span> <span class='ocrx_word' id='word_1_216' title='bbox 1049 3718 1112 3830; x_wconf 67' lang='lat' dir='ltr'>effi</span> <span class='ocrx_word' id='word_1_217' title='bbox 1125 3719 1194 3812; x_wconf 88' lang='lat' dir='ltr'>ais,</span> <span class='ocrx_word' id='word_1_218' title='bbox 1208 3720 1291 3798; x_wconf 92' lang='lat' dir='ltr'>Lu-</span> 
     </span>
     <span class='ocr_line' id='line_1_30' title="bbox 139 3823 1289 3940; baseline 0.003 -34"><span class='ocrx_word' id='word_1_219' title='bbox 139 3823 304 3907; x_wconf 86' lang='lat' dir='ltr'>therum</span> <span class='ocrx_word' id='word_1_220' title='bbox 333 3857 492 3940; x_wconf 91' lang='lat' dir='ltr'>nempe,</span> <span class='ocrx_word' id='word_1_221' title='bbox 521 3831 784 3937; x_wconf 89' lang='lat' dir='ltr'>Zwinglium,</span> <span class='ocrx_word' id='word_1_222' title='bbox 817 3831 1044 3926; x_wconf 89' lang='lat' dir='ltr'>Calvinum,</span> <span class='ocrx_word' id='word_1_223' title='bbox 1078 3834 1289 3922; x_wconf 90' lang='lat' dir='ltr'>Bucerum,</span> 
     </span>
     <span class='ocr_line' id='line_1_31' title="bbox 138 3938 1292 4052; baseline 0.004 -34"><span class='ocrx_word' id='word_1_224' title='bbox 138 3938 320 4018; x_wconf 83' lang='lat' dir='ltr'>Paraeum</span> <span class='ocrx_word' id='word_1_225' title='bbox 348 3968 442 4021; x_wconf 91' lang='lat' dir='ltr'>cum</span> <span class='ocrx_word' id='word_1_226' title='bbox 470 3941 557 4021; x_wconf 91' lang='lat' dir='ltr'>aliis</span> <span class='ocrx_word' id='word_1_227' title='bbox 587 3943 738 4051; x_wconf 83' lang='lat' dir='ltr'>multis)</span> <span class='ocrx_word' id='word_1_228' title='bbox 768 3941 952 4037; x_wconf 84' lang='lat' dir='ltr'>docuiffe,</span> <span class='ocrx_word' id='word_1_229' title='bbox 973 3942 1208 4023; x_wconf 83' lang='lat' dir='ltr'>amovendum</span> <span class='ocrx_word' id='word_1_230' title='bbox 1227 3940 1292 4052; x_wconf 73' lang='lat' dir='ltr'>effe</span> 
     </span>
     <span class='ocr_line' id='line_1_32' title="bbox 138 4050 1291 4164; baseline 0.005 -36"><span class='ocrx_word' id='word_1_231' title='bbox 138 4068 378 4159; x_wconf 84' lang='lat' dir='ltr'>tyrannum:</span> <span class='ocrx_word' id='word_1_232' title='bbox 409 4053 491 4162; x_wconf 87' lang='lat' dir='ltr'>quis</span> <span class='ocrx_word' id='word_1_233' title='bbox 515 4071 637 4134; x_wconf 83' lang='lat' dir='ltr'>autem</span> <span class='ocrx_word' id='word_1_234' title='bbox 649 4055 708 4158; x_wconf 83' lang='lat' dir='ltr'>stt</span> <span class='ocrx_word' id='word_1_235' title='bbox 731 4074 913 4164; x_wconf 86' lang='lat' dir='ltr'>tyrannus</span> <span class='ocrx_word' id='word_1_236' title='bbox 934 4050 1175 4161; x_wconf 80' lang='lat' dir='ltr'>adjudicium</span> <span class='ocrx_word' id='word_1_237' title='bbox 1180 4055 1291 4163; x_wconf 85' lang='lat' dir='ltr'>sapi·</span> 
     </span>
     <span class='ocr_line' id='line_1_33' title="bbox 137 4161 1290 4275; baseline 0.003 -32"><span class='ocrx_word' id='word_1_238' title='bbox 137 4179 267 4243; x_wconf 72' lang='lat' dir='ltr'>tntum</span> <span class='ocrx_word' id='word_1_239' title='bbox 281 4182 319 4242; x_wconf 84' lang='lat' dir='ltr'>et</span> <span class='ocrx_word' id='word_1_240' title='bbox 332 4161 565 4271; x_wconf 68' lang='lat' dir='ltr'>doliorumse</span> <span class='ocrx_word' id='word_1_241' title='bbox 578 4165 749 4274; x_wconf 66' lang='lat' dir='ltr'>retulffl.</span> <span class='ocrx_word' id='word_1_242' title='bbox 788 4166 858 4275; x_wconf 86' lang='lat' dir='ltr'>Isti</span> <span class='ocrx_word' id='word_1_243' title='bbox 866 4164 955 4246; x_wconf 71' lang='lat' dir='ltr'>veri</span> <span class='ocrx_word' id='word_1_244' title='bbox 970 4166 1036 4275; x_wconf 87' lang='lat' dir='ltr'>qui</span> <span class='ocrx_word' id='word_1_245' title='bbox 1045 4165 1066 4245; x_wconf 70' lang='grc' dir='ltr'><em>ἓ</em></span> <span class='ocrx_word' id='word_1_246' title='bbox 1085 4165 1290 4275; x_wconf 85' lang='lat' dir='ltr'>ansapien·</span> 
     </span>
     <span class='ocr_line' id='line_1_34' title="bbox 138 4274 1290 4387; baseline 0.003 -35"><span class='ocrx_word' id='word_1_247' title='bbox 138 4291 212 4367; x_wconf 82' lang='lat' dir='ltr'>tes,</span> <span class='ocrx_word' id='word_1_248' title='bbox 235 4303 286 4354; x_wconf 84' lang='lat' dir='ltr'>an</span> <span class='ocrx_word' id='word_1_249' title='bbox 313 4274 423 4369; x_wconf 64' lang='lat' dir='ltr'>dosii,</span> <span class='ocrx_word' id='word_1_250' title='bbox 446 4307 496 4356; x_wconf 84' lang='lat' dir='ltr'>an</span> <span class='ocrx_word' id='word_1_251' title='bbox 515 4276 661 4358; x_wconf 83' lang='lat' dir='ltr'>virtute</span> <span class='ocrx_word' id='word_1_252' title='bbox 679 4276 827 4370; x_wconf 81' lang='lat' dir='ltr'>nobiles,</span> <span class='ocrx_word' id='word_1_253' title='bbox 845 4307 896 4356; x_wconf 84' lang='lat' dir='ltr'>an</span> <span class='ocrx_word' id='word_1_254' title='bbox 914 4276 1103 4359; x_wconf 84' lang='lat' dir='ltr'>nobilitate</span> <span class='ocrx_word' id='word_1_255' title='bbox 1122 4279 1290 4387; x_wconf 83' lang='lat' dir='ltr'>illustres.</span> 
     </span>
     <span class='ocr_line' id='line_1_35' title="bbox 139 4385 1290 4498; baseline 0.003 -33"><span class='ocrx_word' id='word_1_256' title='bbox 139 4385 296 4480; x_wconf 90' lang='lat' dir='ltr'>Liceat,</span> <span class='ocrx_word' id='word_1_257' title='bbox 316 4387 455 4495; x_wconf 86' lang='lat' dir='ltr'>quaeso,</span> <span class='ocrx_word' id='word_1_258' title='bbox 476 4389 641 4498; x_wconf 90' lang='lat' dir='ltr'>populo,</span> <span class='ocrx_word' id='word_1_259' title='bbox 662 4391 731 4497; x_wconf 92' lang='lat' dir='ltr'>qui</span> <span class='ocrx_word' id='word_1_260' title='bbox 760 4388 952 4469; x_wconf 87' lang='lat' dir='ltr'>servitutis</span> <span class='ocrx_word' id='word_1_261' title='bbox 975 4390 1120 4497; x_wconf 89' lang='lat' dir='ltr'>jugum</span> <span class='ocrx_word' id='word_1_262' title='bbox 1144 4392 1184 4470; x_wconf 91' lang='lat' dir='ltr'>in</span> <span class='ocrx_word' id='word_1_263' title='bbox 1204 4419 1290 4471; x_wconf 89' lang='lat' dir='ltr'>cer-</span> 
     </span>
     <span class='ocr_line' id='line_1_36' title="bbox 138 4498 1290 4608; baseline 0.004 -31"><span class='ocrx_word' id='word_1_264' title='bbox 138 4498 294 4578; x_wconf 85' lang='lat' dir='ltr'>vicibus</span> <span class='ocrx_word' id='word_1_265' title='bbox 324 4526 443 4607; x_wconf 88' lang='lat' dir='ltr'>grave</span> <span class='ocrx_word' id='word_1_266' title='bbox 473 4499 602 4593; x_wconf 91' lang='lat' dir='ltr'>sentit,</span> <span class='ocrx_word' id='word_1_267' title='bbox 635 4519 715 4579; x_wconf 87' lang='lat' dir='ltr'>tam</span> <span class='ocrx_word' id='word_1_268' title='bbox 745 4499 908 4608; x_wconf 90' lang='lat' dir='ltr'>sapienti</span> <span class='ocrx_word' id='word_1_269' title='bbox 938 4501 1026 4595; x_wconf 81' lang='lat' dir='ltr'>esse,</span> <span class='ocrx_word' id='word_1_270' title='bbox 1052 4522 1132 4582; x_wconf 88' lang='lat' dir='ltr'>tam</span> <span class='ocrx_word' id='word_1_271' title='bbox 1159 4504 1290 4595; x_wconf 76' lang='lat' dir='ltr'>douo,</span> 
     </span>
     <span class='ocr_line' id='line_1_37' title="bbox 138 4611 1291 4721; baseline 0 -30"><span class='ocrx_word' id='word_1_272' title='bbox 138 4628 304 4717; x_wconf 84' lang='lat' dir='ltr'>tamque</span> <span class='ocrx_word' id='word_1_273' title='bbox 332 4611 472 4705; x_wconf 93' lang='lat' dir='ltr'>nobili,</span> <span class='ocrx_word' id='word_1_274' title='bbox 493 4631 538 4692; x_wconf 91' lang='lat' dir='ltr'>ut</span> <span class='ocrx_word' id='word_1_275' title='bbox 562 4612 655 4691; x_wconf 90' lang='lat' dir='ltr'>sciat</span> <span class='ocrx_word' id='word_1_276' title='bbox 681 4632 845 4719; x_wconf 87' lang='lat' dir='ltr'>tyranno</span> <span class='ocrx_word' id='word_1_277' title='bbox 864 4611 931 4691; x_wconf 94' lang='lat' dir='ltr'>suo</span> <span class='ocrx_word' id='word_1_278' title='bbox 950 4613 1291 4721; x_wconf 89' lang='lat' dir='ltr'>quidfaciendum</span> 
     </span>
     <span class='ocr_line' id='line_1_38' title="bbox 136 4721 1292 4833; baseline -0.001 -29"><span class='ocrx_word' id='word_1_279' title='bbox 136 4723 198 4818; x_wconf 80' lang='lat' dir='ltr'>fit,</span> <span class='ocrx_word' id='word_1_280' title='bbox 219 4721 372 4804; x_wconf 87' lang='lat' dir='ltr'>etiamsi</span> <span class='ocrx_word' id='word_1_281' title='bbox 391 4750 518 4832; x_wconf 92' lang='lat' dir='ltr'>neque</span> <span class='ocrx_word' id='word_1_282' title='bbox 538 4743 707 4818; x_wconf 86' lang='lat' dir='ltr'>exteros,</span> <span class='ocrx_word' id='word_1_283' title='bbox 727 4752 853 4833; x_wconf 90' lang='lat' dir='ltr'>neque</span> <span class='ocrx_word' id='word_1_284' title='bbox 873 4727 1150 4833; x_wconf 86' lang='lat' dir='ltr'>grammaticos</span> <span class='ocrx_word' id='word_1_285' title='bbox 1165 4723 1292 4804; x_wconf 88' lang='lat' dir='ltr'>scisci-</span> 
     </span>
    </p>
   </div>
   <div class='ocr_carea' id='block_1_5' title="bbox 0 0 1448 5204">
    <p class='ocr_par' dir='ltr' id='par_1_5' title="bbox 0 0 1448 5204">
     <span class='ocr_line' id='line_1_39' title="bbox 0 0 1448 5204; baseline 0 3"><span class='ocrx_word' id='word_1_286' title='bbox 0 0 1448 5204; x_wconf 95' lang='lat' dir='ltr'> </span> 
     </span>
    </p>
   </div>
  </div>
 </body>
</html>
