2888 5204
490 584 715 687 Defensro
742 587 971 687 Secunda.
1226 628 1307 715 297

141 761 285 865 millia
297 761 510 846 hominum
522 763 634 846 fuisse
647 766 754 846 idem
768 764 1309 874 sentientium,quiSenatum

136 875 197 955 ad
215 875 259 955 id
275 873 438 973 hortari,
451 877 558 987 quod
567 876 650 983 jam
668 899 754 957 tum
771 875 868 956 serib
880 878 1066 984 agitabat,
1080 877 1143 956 vel
1155 879 1309 986 impor-

136 1006 300 1068 tunum
319 988 588 1069 existimarent
606 990 670 1069 vel
694 989 1037 1098 supervacaneum,
1063 1017 1235 1098 quorum
1258 1019 1310 1070 ex

133 1126 323 1181 numero
343 1120 383 1181 et
402 1101 482 1210 ipse
503 1101 576 1196 fui,
599 1102 669 1210 qui
689 1121 821 1180 tamen
841 1101 936 1209 quid
956 1102 1151 1181 voluerim
1170 1101 1309 1181 obscu-

134 1239 245 1292 rum
268 1240 346 1292 non
366 1213 435 1293 est.
497 1213 607 1324 Qid
630 1214 656 1293 fi
676 1211 948 1294 conticuissent
966 1240 1103 1292 omnes
1123 1214 1179 1292 rei
1195 1241 1310 1321 mag-

134 1323 337 1404 nitudine
353 1325 533 1434 perculsr,
554 1321 651 1404 edne
668 1321 801 1404 minbs
817 1323 1009 1404 habuisset
1025 1327 1186 1406 Senatus
1206 1327 1247 1404 in
1268 1355 1309 1406 re
1369 1354 1373 1359 ·

135 1455 264 1517 tanta
275 1438 382 1544 quod
397 1436 594 1530 statueret,
607 1435 917 1546 expectandusne
929 1437 1069 1545 populi
1083 1456 1200 1517 nutus
1214 1456 1310 1533 erat,

134 1576 200 1630 ex
244 1576 298 1626 uo
315 1567 514 1629 tantorum
528 1549 657 1628 exitus
669 1548 922 1629 confiliorum
934 1549 1149 1656 penderet?
1177 1550 1307 1629 enim-

138 1575 250 1741 verl
267 1659 494 1768 supremum
507 1661 634 1768 gentis
648 1660 893 1752 Concilium,
906 1659 954 1738 ab
968 1659 1145 1739 universo
1157 1661 1307 1769 populo

142 1773 197 1853 ed
211 1791 349 1851 mente
361 1772 600 1866 adhibitum,
614 1791 659 1850 ut
670 1774 932 1880 impotentem
945 1773 1046 1879 regis
1058 1773 1308 1852 dominatum

144 1885 630 1994 coerceret,posteaquam
639 1883 846 1964 efferatum
856 1904 895 1963 et
907 1903 1192 1992 repugnantem
1204 1884 1309 1964 bello

148 1994 331 2105 cepisset,
348 1996 376 2074 fi
395 2023 591 2077 recurrere
611 1994 658 2075 ad
672 1995 772 2101 jussa
785 1996 925 2105 populi
944 1994 1117 2091 deberet,
1133 1996 1229 2075 velit
1239 1996 1308 2103 ju-

151 2106 298 2187 beatne
322 2109 370 2187 de
393 2110 550 2218 captivo
576 2105 685 2186 hoste
714 2107 952 2217 supplicium
984 2108 1099 2203 sumi,
1130 2107 1309 2217 profecto

182 2220 228 2298 ui
248 2221 538 2328 rempublicam
552 2217 755 2300 fortiffimd
771 2218 1067 2328 recuperassent,
1086 2219 1182 2356 quid
1203 2222 1309 2300 aliud

152 2248 287 2411 leciffe
306 2333 531 2413 viderentur
549 2328 669 2439 quim
689 2332 730 2409 in
750 2330 908 2441 laqueos
930 2332 1083 2437 tyranni
1102 2359 1124 2409 a
1144 2332 1307 2440 populo,

156 2442 184 2522 st
204 2441 286 2524 fors
301 2445 355 2523 ita
376 2443 508 2539 ferret,
522 2443 687 2523 absoluti
707 2443 782 2522 sese
806 2444 1022 2552 praecipites
1041 2441 1211 2521 dedisse?
1241 2463 1310 2523 aut

157 2554 186 2634 fi
200 2576 361 2665 accepta
376 2556 562 2635 maximis
575 2556 623 2635 de
639 2553 753 2634 rebus
768 2555 1002 2635 decernendi
1016 2554 1168 2634 summa
1180 2556 1308 2663 potes·

158 2685 254 2761 tate,
271 2667 319 2748 de
332 2669 379 2746 iis
392 2695 478 2776 quae
491 2667 701 2776 prasertim
715 2667 827 2774 vulgi
841 2686 1003 2776 captum
1021 2666 1216 2775 superant,
1230 2694 1308 2747 non

157 2778 249 2859 dico
264 2779 312 2858 ad
325 2780 520 2887 populum
534 2779 644 2886 (nam
656 2806 749 2858 cum
765 2776 839 2859 hac
852 2778 1038 2888 potestate
1054 2779 1125 2888 ipfi
1138 2779 1308 2888 populus

150 2888 239 2995 jam
250 2890 356 2998 sunt)
370 2890 433 2971 sed
446 2891 493 2971 ad
506 2890 804 2971 multitudinem
818 2890 945 2971 rursus
961 2889 1104 2971 referre
1120 2918 1309 2999 cogeren-

159 3022 239 3096 tur,
251 3030 339 3110 quae
354 3002 560 3113 imperitia
579 3003 652 3082 suae
666 3003 818 3084 conscia
833 3003 882 3083 ad
896 3031 963 3083 eos
976 3003 1083 3112 prius
1097 3005 1231 3082 omnia
1247 3032 1310 3082 re-

159 3113 318 3211 tulerat,
334 3119 423 3223 quis
437 3115 540 3196 ultro
560 3117 738 3223 citroque
754 3113 948 3194 referendi
969 3114 1056 3194 finis
1076 3114 1195 3194 esset?
1221 3117 1310 3224 quis

160 3227 323 3307 taudem
347 3228 388 3304 in
411 3224 488 3306 hoc
508 3228 660 3336 Euripo
687 3227 915 3306 confistendi
940 3227 1076 3306 locus?
1105 3228 1212 3334 quod
1241 3226 1310 3305 fir-

159 3357 409 3419 mamentum
425 3341 527 3418 inter
540 3338 691 3420 libellos
707 3338 922 3418 istiusmodi
937 3358 996 3418 tot
1008 3338 1186 3448 capitum
1198 3338 1311 3417 levis-

161 3450 368 3543 simorum,
388 3478 475 3559 quae
493 3450 591 3530 salus
610 3449 791 3560 quassatis
817 3450 931 3530 rebus
950 3447 1162 3529 hominum
1181 3448 1309 3529 foret?

158 3562 258 3671 quid
271 3562 299 3642 fi
312 3561 594 3643 restituendum
607 3563 927 3669 regnoCarolum
941 3560 1217 3671 postulassent?
1237 3589 1309 3641 cu-

153 3673 330 3781 jusmodi
357 3674 509 3755 libellos
536 3674 702 3754 extitisse
734 3673 885 3783 aliquot
916 3702 995 3754 non
1022 3673 1215 3782 supplices
1246 3673 1311 3753 sed

159 3784 547 3867 minacesfatendum
556 3786 611 3865 est
624 3786 892 3866 seditiosorum
906 3785 1325 3894 hominum,quorum¹

159 3924 268 3978 nunc
286 3898 440 3991 odium,
455 3925 558 3978 nunc
574 3898 769 3978 miseratio
783 3897 891 4007 aequd
912 3899 1023 3978 stulta
1039 3917 1105 3978 aut
1121 3896 1313 3979 malitiosa

159 4008 237 4089 esse
256 4007 415 4104 solebat,
429 4007 623 4089 horumne
643 4012 742 4091 ratio
758 4008 935 4090 habenda
951 4009 1053 4090 fuit?
1083 4012 1153 4117 qui
1167 4028 1210 4089 ut
1229 4040 1310 4091 cum

159 4122 267 4228 Rege
293 4121 506 4232 colloquium
534 4121 803 4230 itssitueretur,
828 4123 982 4229 ingenti,
1002 4124 1147 4230 inquis,
1167 4152 1313 4203 numero

152 4234 271 4343 pagis
287 4234 429 4316 reliiiis
447 4233 500 4314 ad
508 4233 857 4340 Parlamentisores
876 4234 1139 4329 accurrebant,
1160 4263 1312 4343 quorum

160 4346 374 4441 Senatores,
385 4344 528 4455 immisso
540 4346 669 4440 milite,
675 4346 855 4455 plurimos
866 4345 1121 4428 trucidarunt.
1152 4349 1312 4428 EtSur-

159 4457 304 4539 rienses
322 4459 421 4538 dicis
440 4485 626 4567 paganos,
654 4460 725 4567 qui
751 4460 878 4538 nescio
903 4459 1122 4538 aliorumne
1147 4458 1311 4551 malitia,

158 4569 330 4678 agrestes
349 4570 435 4679 ipfi,
451 4597 500 4650 an
521 4569 586 4650 sui
602 4571 853 4679 improbitate
873 4571 1046 4680 impulsr,
1066 4599 1160 4649 cum
1176 4570 1311 4650 libello

157 4680 338 4793 supplice
357 4681 458 4764 bend
472 4683 570 4793 poti,
584 4701 624 4763 et
639 4682 930 4763 comeslabundi
946 4680 1092 4792 potibs,
1105 4678 1224 4791 quim
1241 4682 1312 4762 ali-

155 4794 258 4904 quid
270 4796 447 4905 petituri,
461 4823 532 4905 per
545 4795 683 4876 urbem
696 4795 828 4891 ibant;
850 4823 945 4877 mox
962 4796 1079 4875 curiae
1092 4791 1195 4876 fores
1209 4791 1312 4875 fatto
