2888 5204
145 184 223 292 278
412 176 503 272 Pro
529 171 715 307 Populo
742 173 1017 306 Anglicano

623 396 668 479 de
684 398 833 481 vt'rtute
849 399 1029 509 loquutus

205 509 358 590 Clunem
376 509 530 618 agitas:
549 538 614 618 ego
630 527 669 591 te
687 530 872 593 caventem
888 506 1206 594 morereretur?
1326 554 1328 599 ι

148 704 282 782 Omnes
299 704 356 782 ais
374 703 606 811 reformatos,
614 702 825 812 prasertim
836 701 978 810 Belgas
993 720 1036 782 et
1054 698 1289 809 Gallos,suc·
1324 602 1328 761 l

147 834 227 894 tum
245 815 403 923 nostrum
421 813 626 924 honuiffe:
655 834 696 895 et
714 816 860 910 statim,
886 814 988 894 bonis
1011 812 1154 925 ubr'qm
1169 808 1288 893 nond·
1326 828 1328 839 '

147 926 269 1036 cuiffe,
298 926 390 1008 idem
405 926 551 1034 sentire
577 944 616 1006 et
634 926 743 1037 loqui.
803 926 881 1006 Sed
909 946 948 1006 te
977 926 1055 1007 tibi
1083 948 1289 1036 repugnate

146 1038 361 1118 leviculum
385 1039 455 1134 est,
483 1036 560 1118 hoc
587 1037 717 1119 multb
744 1039 945 1146 indignius
968 1056 1093 1148 atque
1118 1036 1288 1128 atrocim

142 1168 230 1260 prae
246 1151 364 1259 nostro
382 1152 527 1260 inquis,
533 1149 690 1257 scelere,
710 1151 903 1259 nibilsuit
914 1148 1150 1258 Judaeorum
1162 1146 1290 1257 scelus,

150 1262 336 1372 Christum
350 1261 942 1371 crucfigentiumfflvehominum
954 1256 1289 1369 mentem,ſs'oesct·

150 1375 239 1456 leris
257 1375 409 1485 (ffatim
423 1391 621 1483 compares.
682 1373 866 1455 Furiosc!
886 1392 981 1454 tune
997 1370 1155 1454 Christi
1167 1368 1289 1453 minii

150 1506 209 1567 ter
228 1506 497 1597 perpetratum
510 1485 660 1567 facinus
675 1486 716 1565 in
732 1485 938 1566 Christum
956 1504 1041 1565 tam
1055 1485 1202 1566 leviter
1212 1480 1289 1578 fen,

149 1597 797 1819 lttsstttttdgffilltgl
813 1598 955 1789 {lili
971 1598 1136 1788 affl
1163 1596 1289 1817 ‘ilii

149 1820 256 1902 certe
282 1821 498 1902 clariflimis
525 1823 681 1903 indiciis
701 1823 782 1904 Dei
807 1822 935 1902 filium
965 1820 1170 1929 agnoviffe
1191 1838 1291 1932 pote·

150 1952 263 2014 rant:
291 1961 362 2014 nos
378 1934 569 2015 Carolum
590 1962 670 2015 non
689 1935 764 2015 effe
779 1952 1006 2043 tyrannum,
1020 1932 1133 2013 nulla
1152 1933 1289 2013 ratione

150 2047 354 2155 potuimus
367 2046 603 2155 intelligere.
634 2043 808 2128 Eventits
820 2043 1025 2140 autem,ad
1036 2042 1290 2125 minuendum

152 2157 288 2255 scelus,
313 2157 547 2269 ineptiffime
567 2157 662 2239 facis
681 2159 952 2239 mentionem:
982 2152 1126 2237 verbm
1149 2155 1292 2269 semper

148 2272 419 2351 animadverto
439 2272 581 2379 regios,
600 2298 681 2380 quo
696 2270 860 2381 quisque
874 2269 1001 2350 acrior
1017 2267 1091 2362 est,
1108 2266 1161 2348 eb
1179 2268 1291 2351 levius

151 2380 253 2462 ferre
278 2384 470 2491 quicquid
499 2381 764 2463 committitur
788 2381 831 2461 in
864 2377 1087 2473 Christum,
1118 2377 1290 2490 quimfi

150 2494 247 2601 quid
260 2495 299 2572 in
313 2521 467 2602 regem:
483 2496 550 2573 cui
562 2514 693 2574 tamen
708 2521 802 2575 cum
816 2492 964 2573 Christi
979 2491 1180 2603 praecipue
1190 2490 1289 2574 causi

150 2604 417 2685 obediendum
428 2606 608 2701 doceant,
624 2604 739 2686 facile
751 2605 958 2686 ostendunt
972 2603 1009 2684 se
1022 2631 1153 2713 neque
1165 2602 1290 2685 Chris·

152 2734 238 2796 tum
254 2715 344 2796 verb
357 2717 501 2812 colere,
516 2746 641 2827 neque
657 2745 813 2826 regem:
830 2717 894 2798 sed
905 2716 1012 2797 aliud
1022 2717 1218 2826 quiddam
1229 2714 1287 2797 fibi
1330 2788 1333 2821 ÷

148 2847 376 2938 quarentes,
393 2829 667 2910 incredibilem
685 2827 786 2912 hanc
797 2857 890 2938 erga
903 2856 1015 2938 reges
1033 2829 1157 2910 fidem
1172 2858 1219 2910 ac
1236 2856 1288 2909 re·
1331 2856 1333 2861 ·

148 2939 340 3049 ligionem
353 2939 476 3036 suam,
493 2941 556 3021 vel
571 2941 794 3039 ambitioni,
809 2942 871 3023 vel
883 2942 1048 3022 occultis
1061 2942 1288 3052 quibusdam

33 3104 36 3109 -
150 3054 235 3133 aliis
251 3053 532 3164 cupiditatibus
547 3053 773 3136 obtendere.
802 3054 952 3135 Prodiit
969 3081 1057 3161 ergo
1074 3083 1234 3164 magnus
1248 3054 1277 3132 Γ
1331 3042 1333 3083 ¹

148 3183 317 3247 terarum
335 3167 511 3276 prtirceps
530 3166 741 3270 Salmastus.
801 3167 945 3248 Desme
965 3167 1081 3246 toties
1106 3193 1288 3275 magnum

150 3279 263 3374 illud,
285 3280 427 3375 More;
459 3278 565 3387 quod
585 3280 729 3359 millies
745 3278 838 3359 licet
853 3277 1065 3386 ingefferis,
1084 3274 1194 3359 haud
1211 3277 1289 3358 cui·

149 3419 271 3499 quam
294 3389 473 3500 profecti>
496 3390 733 3498 intelligenti
756 3389 983 3500 persuaseris
1005 3417 1202 3498 magnum
1224 3387 1290 3469 etse

150 3503 406 3596 Salmasrum;
438 3503 501 3583 sed
533 3504 750 3583 minimum
780 3502 1055 3596 elieMorum,
1085 3521 1129 3582 et
1153 3502 1291 3583 nullius

148 3616 265 3723 pretii
278 3612 594 3724 homulum,qui,
605 3615 703 3725 quid
715 3615 850 3695 deceat
865 3616 1037 3723 ignarus,
1051 3617 1192 3723 magni
1202 3640 1291 3723 cog·

148 3727 309 3806 nomine
334 3746 415 3805 tam
445 3726 630 3837 imperite
656 3727 851 3807 abutatur.
912 3727 1001 3806 Nos
1028 3727 1293 3833 grammaticis

147 3856 265 3946 atque
284 3837 445 3934 criticis,
465 3867 638 3947 quorum
658 3839 811 3919 summa
828 3837 912 3917 laus
931 3838 1059 3918 autin
1078 3839 1219 3921 alienis
1236 3839 1291 3918 lu·

146 3949 441 4032 cubrationibus
456 3950 631 4047 edendis,
648 3970 716 4032 aut
728 3950 977 4030 librariorum
993 3950 1196 4034 mendulis
1213 3976 1292 4032 cor·

144 4061 1291 4270 tssttdzltlitndilbtdttffittlfssdll

144 4321 189 4371 ac
219 4289 380 4400 praemia
410 4288 578 4369 libenter
607 4288 876 4383 concedimus,
903 4288 1041 4397 magni
1069 4312 1290 4399 cognomen

145 4403 249 4484 haud
265 4402 470 4510 largimur.
521 4400 560 4480 Is
576 4400 677 4481 solus
688 4427 855 4508 magnus
867 4398 925 4481 est
939 4399 1215 4510 appellandus,
1227 4396 1290 4510 qui
