2888 5204
146 179 228 275 418
351 162 577 258 ‚luthoris
600 164 663 258 ad
686 163 948 259 Alexandri
970 166 1105 257 Mori
1315 47 1335 321 Ι

145 339 259 444 cujus
277 340 318 418 in
337 339 579 419 scabinatum
603 342 841 450 pruritionoe
859 360 934 418 tnae
953 339 1183 429 inciderint,
1199 336 1227 414 fi
1241 361 1282 413 et

147 451 1282 543 rationefastorumnonbaboodieere,idnondioes‚ar·

148 563 288 657 bitror,
314 566 370 643 ita
394 566 531 672 magni
559 563 718 644 referre.
777 564 907 674 Qid‚
936 566 1122 671 iriquum,
1152 563 1284 641 fiante

147 676 374 755 admiseris?
396 677 505 784 qnod
521 704 599 784 ego
611 678 778 784 quidem
792 704 866 786 pro
877 698 987 755 certo
1000 674 1149 754 babeo.
1186 674 1284 751 Tum

148 785 236 866 san'e
255 810 296 866 et
314 787 391 867 hoc
409 816 571 897 quoque
590 790 874 879 testimoninm,
893 788 1022 866 ancile
1039 807 1175 879 tuum,
1192 782 1285 864 baud

148 900 279 979 multb
298 902 387 1010 plus
405 903 605 1010 ponderis,
615 899 738 1010 qulam
752 900 911 979 alterius
923 900 1160 1006 cujusquam
1172 896 1284 977 habu·

148 1016 247 1105 erit;
278 1034 338 1105 ut,
356 1014 466 1122 quod
483 1014 533 1091 de
552 1016 614 1105 iis,
634 1042 720 1121 quae
737 1013 939 1090 auditione
959 1032 1117 1090 tantum
1135 1036 1284 1117 accept·

149 1146 209 1202 rat
226 1125 276 1202 ab
293 1126 380 1204 aliis
400 1124 643 1204 testificetur.
702 1124 826 1234 Qrod
851 1145 986 1202 autem
1008 1124 1238 1230 adjungitur
1253 1140 1285 1198 te

148 1255 262 1316 extra
278 1239 425 1347 culsnanr
449 1256 621 1317 notumve
628 1238 750 1347 suiffe
774 1238 815 1315 id
841 1235 941 1314 adei>
964 1234 1125 1343 liquido
1147 1234 1286 1313 nonita

149 1348 187 1428 se
214 1347 347 1442 habet,
374 1370 420 1429 ut
441 1352 563 1429 etiam
590 1352 742 1456 reliqua
765 1351 807 1426 in
829 1348 998 1427 dubium
1023 1374 1166 1427 vocare
1187 1344 1284 1423 ride·

148 1482 251 1540 atur.
305 1463 403 1541 Non
429 1463 553 1543 alium
580 1464 704 1569 igitur
735 1481 853 1569 atque
883 1459 1056 1568 teipsum
1090 1461 1171 1539 tuis
1189 1459 1285 1536 Con·-

149 1572 297 1651 sulibus
323 1602 550 1683 opponam;
579 1576 650 1682 qui
670 1593 710 1653 te
727 1574 949 1680 culpatum,
970 1592 1286 1664 notatum,vexa·

149 1703 252 1777 tum,
267 1687 413 1791 linguis
428 1689 613 1765 omnium
634 1706 718 1765 toto
734 1686 875 1791 Belgio
886 1684 1099 1794 vapulaffe,
1116 1682 1224 1763 hand
1239 1680 1287 1761 le·

148 1798 245 1891 mel,
272 1794 529 1907 pluribt'rsque
547 1799 677 1877 verbis
693 1796 888 1877 confellus
905 1825 961 1876 es.
1020 1791 1287 1876 Commodum

148 1910 281 2018 itaque
307 1910 555 2003 interserunt,
575 1930 619 1990 ret
637 1910 693 1991 ad
714 1939 779 1989 nor
794 1909 956 1990 relatum
973 1909 1036 2016 est
1094 1910 1137 1987 A
1156 1906 1289 2017 quibus
1327 2004 1329 2019 Ι

148 2023 312 2101 autem?
342 2050 436 2101 nam
453 2042 495 2104 et
512 2024 560 2101 ad
581 2050 652 2102 nos
671 2022 789 2129 longe
801 2023 877 2100 alia
891 2041 932 2100 et
945 2018 969 2100 d
983 2019 1169 2129 plurimis
1181 2019 1290 2100 relata
1327 2030 1329 2075 Ι

149 2133 260 2214 sunt:
292 2153 473 2213 utrorum
491 2137 561 2243 qui
588 2132 671 2214 haec
697 2156 779 2214 tam
800 2133 905 2213 varie
932 2131 1110 2212 referum
1134 2152 1289 2240 antepo-

149 2247 276 2326 nenda
296 2244 392 2326 fides
411 2247 471 2340 fit,
491 2248 562 2356 ipss
583 2248 750 2326 nostram
774 2245 884 2356 aque
902 2273 949 2324 ac
966 2243 1078 2323 suam
1096 2245 1289 2325 existima·

150 2359 299 2437 tionem
318 2359 393 2437 elle
414 2360 553 2440 sciunt.
593 2361 650 2438 At
666 2358 760 2437 verb
779 2386 858 2437 non
876 2357 981 2436 adse
1002 2357 1140 2435 omnia
1157 2382 1291 2465 quam·

149 2471 207 2547 via
223 2470 414 2563 consules,
432 2473 552 2551 relata
571 2470 646 2549 elle
665 2490 709 2549 ut
727 2471 905 2562 doceam,
921 2467 1181 2577 respondeant
1198 2465 1290 2549 mihi

150 2607 247 2686 rogo
268 2581 424 2660 libellus
445 2584 513 2660 iste
535 2585 573 2660 in
595 2610 665 2660 nos
685 2582 868 2673 famosus,
888 2579 911 2660 a
930 2583 1053 2661 Moro
1072 2583 1217 2674 editus,
1235 2607 1291 2658 re·

150 2689 297 2771 latt'rsne
316 2695 365 2772 ad
386 2692 422 2772 se
443 2693 589 2773 fuerit?
618 2723 739 2803 quem
762 2694 943 2773 libellum
970 2692 1132 2772 edidille
1153 2696 1194 2772 in
1213 2689 1290 2771 nos-

149 2823 249 2884 tram
283 2805 502 2915 Rempubl.
537 2834 615 2885 non
645 2807 813 2886 ministri
845 2827 927 2886 erat
954 2806 1205 2912 Evangelici,
1234 2801 1290 2884 sed

148 2918 372 3011 ardelionis,
389 2940 428 2998 et
447 2918 754 3011 calumniatoris,
773 2938 814 2998 et
832 2918 1039 2998 nebulonis
1056 2918 1290 2997 maledicen-

148 3030 296 3110 tiffimi.
340 3033 380 3109 Si
401 3051 545 3137 negant
564 3033 613 3110 de
633 3029 709 3110 hoc
728 3031 864 3110 libello
883 3033 1098 3139 quicquam
1119 3031 1193 3109 fibi
1211 3055 1291 3137 per·

148 3141 288 3236 latum,
309 3145 413 3252 polle
441 3162 481 3221 et
508 3144 633 3221 multa
661 3143 736 3222 alia
759 3144 880 3222 etiam
907 3143 1194 3250 improbillima
1220 3165 1291 3219 uon

148 3253 314 3359 perferri
333 3256 381 3334 ad
409 3256 444 3333 se
472 3256 520 3334 de
548 3253 625 3334 hoc
647 3256 768 3335 Moro
787 3254 909 3332 velim
928 3254 1172 3334 existiment.
1230 3253 1291 3330 Sin

149 3362 344 3444 fateantur
362 3367 523 3445 allatum
546 3367 614 3445 fibi
635 3367 708 3445 elle
728 3367 833 3446 illius
861 3366 953 3444 libri
972 3367 1168 3445 editorem
1188 3362 1291 3443 soille

149 3475 333 3571 Morum,
354 3478 467 3558 suum
490 3500 621 3558 tamen
643 3479 700 3556 illi
727 3478 994 3558 testimonium
1014 3496 1208 3585 tanquam
1227 3476 1291 3555 bo·

148 3589 247 3666 mini
266 3592 492 3684 reverende,
507 3590 644 3700 probo,
659 3591 859 3699 inculpato
874 3588 1164 3698 perhibuerint,
1181 3589 1291 3668 sciant

148 3723 218 3775 nos
238 3700 451 3781 istiusmodi
472 3705 742 3783 testimonium
762 3705 883 3780 etiam
904 3701 1126 3781 Consulum
1145 3722 1187 3780 et
1207 3703 1290 3779 sca-

147 3806 332 3890 binorum
346 3833 530 3922 tanquam
545 3815 797 3906 leviffimum
812 3832 852 3892 et
865 3813 1010 3893 nullius
1022 3813 1138 3920 plane
1154 3810 1290 3892 autho·

147 3920 270 4001 sitatis
291 3928 509 4032 repudiare.
570 3927 747 4018 Horum,
760 3927 906 4032 inquis,
919 3927 1141 4005 Reuorum
1156 3921 1290 4032 gravi·

146 4049 275 4127 tatem,
281 4037 412 4141 fidem,
425 4039 665 4118 autoritatem
670 4040 715 4141 fi
727 4038 849 4149 noffes,
854 4035 1044 4144 stxcentis
1054 4037 1288 4124 millenum,

148 4145 392 4229 Miltonorum
407 4150 536 4229 libellis
549 4151 784 4230 retundendis
795 4168 929 4259 parem
942 4150 1169 4256 agnosceres.
1210 4150 1288 4253 Ego

146 4257 254 4352 verb,
276 4262 333 4339 mi
352 4260 490 4355 horno,
513 4264 551 4341 id
571 4263 699 4343 nescio
720 4291 770 4341 an
798 4265 852 4341 ita
873 4261 989 4343 facile
1015 4261 1285 4369 agnoscerent

145 4372 466 4479 quandoquidem
492 4395 530 4454 et
555 4376 594 4454 id
622 4375 763 4469 nescio,
782 4370 988 4481 α’ριστίνὸψ,
1007 4402 1058 4454 an
1080 4367 1285 4464 rantello,
