2888 5204
407 578 650 685 Defensio.
687 589 808 720 Cap.
841 620 885 712 3.
1169 594 1221 701 65

69 748 153 848 fuit,
174 755 376 866 populum
399 759 440 838 in
460 757 582 841 Circo
607 761 808 860 adorandi.
869 763 933 842 De
953 785 1036 868 quo
1057 755 1222 837 Claudi-

65 892 174 962 anus,
195 868 272 951 vl.
334 871 443 977 Confi
464 873 651 954 Honoris:

119 1030 159 1109 Ο
173 1048 356 1141 quantum
366 1033 653 1144 populosecreti
665 1036 824 1118 numinis
841 1033 945 1116 addit

117 1142 280 1253 imperii
285 1143 451 1254 praesens
455 1145 611 1256 species,
623 1167 869 1259 quantamque
886 1145 1051 1257 rependit

118 1252 305 1366 Majestas
321 1258 473 1338 alterna
486 1258 618 1354 vrbem,
637 1290 719 1341 cum
737 1260 844 1368 regria
860 1258 970 1341 Circi

119 1367 335 1448 Connexum
347 1366 531 1476 gradibus
549 1390 757 1452 veneratur
768 1390 953 1482 purpura
971 1369 1144 1477 vulgus,

120 1478 303 1589 Censenstr
327 1509 371 1561 ue
388 1508 497 1562 cavae
501 1481 682 1592 sublatus
700 1483 738 1565 in
757 1485 900 1565 athera
917 1483 1031 1564 vallis

119 1591 251 1673 Plebis
265 1510 428 1674 odram
445 1592 573 1675 reboat
575 1595 737 1705 fragor.

59 1768 157 1879 Qa
170 1767 394 1850 adoratione
409 1769 509 1878 quid
527 1770 635 1851 aliud
656 1772 916 1881 Imperatores
936 1767 1125 1861 Romani,
1145 1766 1216 1846 nist

60 1879 291 1987 universam
299 1881 474 1992 plebem,
488 1883 609 1963 etiam
621 1884 707 1995 post
718 1884 850 1992 legem
866 1884 1031 1991 regiam,
1041 1881 1128 1961 suos
1142 1877 1216 1958 effe

60 1991 248 2075 dominos
264 1990 508 2076 fatebantur?
537 1997 673 2105 Atque
692 1996 793 2076 illud
806 1995 862 2074 est
880 1995 987 2105 quod
1006 1994 1121 2074 initio
1142 1991 1217 2070 sta-

61 2105 141 2186 tim
160 2102 373 2215 suspicatus
391 2104 494 2201 sum,
512 2125 550 2186 te
565 2106 752 2215 glossariis
794 2106 1073 2200 ervolutandis,
1089 2123 1130 2184 et
1145 2104 1215 2183 tri·

61 2216 364 2357 &quibusdam
372 2217 787 2327 laboriofismagnifice
798 2219 1044 2328 divulgandis
1054 2242 1216 2325 operam

61 2331 199 2459 potius
217 2329 377 2425 dediffe,
397 2327 518 2460 qulam
537 2330 650 2460 bonis
669 2331 899 2460 authoribus
914 2327 1060 2411 attente
1075 2348 1116 2455 et
1134 2326 1215 2453 stu-

61 2439 466 2665 lfhtts‘ttlh
488 2440 1218 2666 haltssiiuffibthltz‘nh

63 2666 321 2775 opinionibus
341 2665 687 2778 Philosophorum,
710 2688 750 2749 et
797 2666 1155 2748 rudentiffimorum
1174 2661 1215 2740 in
1271 2732 1274 2737 ,

62 2696 1046 2999 tantustantusinnan
1071 2802 1217 2970 un

63 2999 298 3083 somniatam
320 3005 465 3084 censes.
525 3004 544 3082 1
565 3031 685 3098 nunc,
712 3004 936 3084 Martinum
967 3003 1083 3083 illum
1109 2999 1215 3080 suto·

62 3140 166 3208 rem,
192 3133 233 3196 et
257 3115 509 3196 Gulielmum
535 3115 755 3195 Pellionem
781 3143 880 3224 quos
909 3113 1006 3194 adeo
1035 3111 1214 3221 despicis,

63 3226 295 3334 ignorantiae
312 3226 483 3336 collegas
504 3246 545 3308 et
570 3226 819 3336 mystagogos
837 3226 909 3307 tibi
927 3226 1059 3307 sume:
1089 3251 1214 3334 quan-

63 3365 189 3446 quam
206 3339 361 3420 erudire
389 3359 427 3421 te
452 3359 638 3449 poterunt
664 3339 739 3434 illi,
765 3357 805 3419 ct
830 3338 918 3419 illos
944 3339 1017 3418 tibi
1043 3333 1216 3447 gryphos

63 3446 268 3533 dissolvere
288 3451 561 3546 stolidiffimos,
581 3453 649 3531 An
664 3451 702 3531 in
717 3449 1120 3558 Democratiaserviat
1137 3450 1216 3528 Po-

55 3560 189 3669 palus,
205 3560 288 3644 crim
298 3562 453 3670 serviat
472 3591 541 3642 rex
559 3562 598 3643 in
617 3562 870 3656 Monarchia,·
901 3561 1029 3642 utrrlm
1047 3578 1147 3642 totus
1165 3588 1215 3638 an

55 3690 157 3783 pars
173 3674 263 3781 ejus.
322 3675 384 3755 Ita
406 3676 480 3770 illi,
503 3701 598 3756 cum
617 3675 690 3755 tibi
712 3676 862 3786 Oedipi
881 3676 966 3754 vice
986 3673 1146 3764 fuerint,
1171 3689 1213 3751 tu

63 3784 145 3866 illis
178 3783 333 3916 Sphinx
363 3787 404 3867 in
431 3787 577 3869 malam
603 3815 689 3869 rem
715 3815 885 3898 praeceps
912 3785 1026 3867 abeas
1054 3783 1213 3877 licebit;

63 3896 216 4007 alioqui
230 3896 458 3981 fatuitatum
473 3920 630 3981 marum
645 3918 685 3978 et
699 3901 968 4008 aenigmatum,
985 3898 1104 3979 finem
1124 3897 1215 3977 nul·

62 4010 153 4091 lum
169 4007 254 4091 sore
272 4010 401 4092 video.
434 4014 583 4122 Rogas,
601 4013 696 4092 Cum
712 4041 817 4119 reges
830 4011 1024 4120 Apostolus
1037 4009 1215 4104 nominat,

62 4150 116 4202 an
137 4118 183 4202 de
197 4122 332 4233 populo
358 4153 415 4204 eos
444 4124 698 4231 intelligemus.
758 4125 837 4204 Pro
867 4123 1024 4230 regibus
1052 4122 1215 4232 quidem

63 4232 260 4316 orandum
275 4235 350 4315 esse
366 4235 510 4317 Paulus
529 4236 658 4329 docet,
680 4261 694 4314 1
717 4236 829 4315 Tim.
846 4260 885 4314 2.
901 4260 940 4314 2.
957 4253 998 4316 at
1016 4238 1123 4343 ptius
1143 4262 1216 4343 pro

65 4345 218 4456 populo
235 4347 429 4429 orandum
446 4347 520 4429 ess’e
539 4348 740 4442 docuerat,
764 4376 804 4426 v.
831 4374 867 4426 1.
899 4348 998 4427 Sunt
1021 4365 1151 4427 tamen
1176 4363 1217 4426 et

64 4456 117 4539 de
135 4457 310 4566 regibus,
336 4460 447 4540 etde
475 4460 625 4571 populo
651 4459 831 4540 nonnulli
854 4487 926 4568 pro
945 4459 1088 4569 quibus
1107 4485 1217 4538 orare

65 4569 190 4651 etiam
208 4589 402 4701 vetamur.
449 4573 538 4700 ‘Pro
558 4601 638 4681 quo
657 4598 737 4652 non
751 4598 877 4701 orem,
898 4598 1041 4652 eumne
1061 4571 1215 4696 exlege

62 4680 1219 4909 smmsnrnnn

645 4934 668 4987 s

125 4930 155 5011 4
