2888 5204
144 174 222 279 336
390 154 617 252 Authoris
642 189 729 288 pro
755 151 798 250 se
825 149 1060 249 Defensio

141 334 214 415 bus
235 354 320 414 tum
340 332 509 443 praefuit,
524 334 621 412 alter
637 333 835 411 mittitur:
858 330 1133 439 significatum
1148 353 1289 437 quoque

141 445 210 540 est,
228 448 426 556 expeslari
446 443 468 524 ὲ
484 473 550 524 me
569 443 672 525 hanc
687 472 853 553 operam
870 442 1053 551 Reipub.
1069 442 1289 530 navandam,

142 577 188 637 ut
206 555 301 638 huic
321 560 548 667 importuno
568 557 775 672 clamatori
793 584 837 636 os
856 556 1108 636 obturarem.
1153 549 1292 633 verum

143 696 224 763 me,
239 690 327 750 tum
346 667 538 763 maxime,
555 688 595 748 et
615 669 773 748 infirma
791 669 907 748 simul
926 667 1138 763 valetudo,
1153 667 1293 747 etduo·

143 808 233 861 rum
264 780 451 861 funerum
482 782 611 861 luctus
643 780 899 875 domesticus,
925 799 967 859 et
989 777 1292 883 defeerumjam

143 895 299 1003 penitus
319 895 527 973 oculorum
555 894 693 973 lumen
718 894 871 973 diversst
897 890 1019 999 longe
1040 890 1292 972 sollicitudine

144 1005 339 1112 urgebat:
383 1004 478 1085 soris
512 1033 672 1114 quoque
707 1005 948 1085 adversarius
981 1004 1053 1083 ille
1088 1005 1217 1114 prior,
1242 1000 1292 1081 iffi

145 1115 264 1225 long&
283 1115 558 1227 praeferendus,
578 1118 860 1226 impendebat;
884 1116 1141 1225 jamjamque
1158 1116 1200 1196 se
1217 1114 1292 1194 totis

145 1229 293 1311 viribus
325 1229 571 1309 incursurum
596 1230 723 1309 indies
752 1228 1042 1308 minitabatur:
1076 1255 1166 1336 quo
1196 1228 1293 1308 dere·

145 1361 262 1450 pente
283 1361 441 1422 mortuo
459 1342 634 1422 levatum
648 1369 713 1420 me
735 1361 844 1450 parte
862 1341 997 1451 aliqui
1015 1339 1170 1422 laboris
1186 1358 1291 1430 ratus.

146 1473 186 1534 et
204 1454 426 1534 valetudine
454 1456 600 1563 partim
620 1453 835 1562 desperatas,
855 1455 1003 1562 partim
1022 1451 1222 1547 restituti,
1238 1468 1291 1531 ut·

146 1593 303 1674 cunque
323 1565 590 1661 confirmatus,
612 1594 660 1645 ne
685 1568 851 1645 omnino
870 1565 933 1645 vel
956 1564 1214 1645 summorum
1230 1562 1291 1642 bo-

148 1678 304 1756 minum
343 1679 608 1786 expestationi
642 1677 782 1770 deesse,
814 1677 878 1756 vel
911 1704 1079 1757 omnem
1110 1679 1218 1759 inter
1245 1690 1294 1755 tot

147 1788 251 1868 mala
278 1788 452 1894 abjecisse
477 1818 615 1870 curam
639 1789 940 1870 existimationis
958 1789 1132 1885 viderer,
1153 1809 1201 1869 ut
1222 1787 1292 1898 pri-

147 1899 262 1981 mhm
294 1902 342 1981 de
373 1901 447 1982 isto
479 1903 705 1982 Clamatore
737 1928 934 2010 anonymo
964 1919 1125 1982 certum
1156 1896 1293 2009 aliquis

148 2014 418 2123 comperiendi
443 2013 610 2094 facultas
635 2014 725 2094 data
750 2014 820 2107 est,
844 2012 1054 2093 hominem
1078 2014 1293 2121 aggredior.

149 2126 215 2205 De
235 2145 288 2222 te,
309 2129 435 2221 More,
451 2127 603 2207 dissum
622 2123 700 2206 hoc
718 2126 835 2205 volo:
864 2153 989 2234 quem
1008 2151 1086 2233 ego
1106 2122 1296 2235 (quamvis

150 2256 193 2318 tu
213 2266 332 2332 nunc,
347 2238 453 2347 quasi
473 2237 601 2318 insons
620 2239 803 2318 omnium
822 2256 941 2346 atque
959 2236 1127 2319 insciens
1148 2236 1248 2318 salsb
1263 2254 1294 2315 te

149 2351 317 2431 accusari
341 2349 583 2459 vocifereris)
610 2349 769 2431 nefandi
800 2348 906 2430 illius
928 2349 1115 2429 clamoris
1138 2350 1208 2429 vel
1231 2345 1294 2428 esse

149 2460 372 2555 authorem,
391 2464 455 2542 vel
474 2462 548 2542 effe
569 2491 641 2572 pro
665 2460 830 2543 authore
854 2459 960 2543 haud
986 2461 1131 2567 injuris
1154 2461 1294 2542 haben·

149 2575 247 2654 dum
267 2574 405 2653 statu0.
465 2576 519 2655 Et
538 2604 609 2656 cur
628 2575 678 2654 fic
694 2574 860 2655 statuam
876 2603 981 2654 nunc
1000 2574 1153 2655 audies.
1216 2573 1295 2654 Pri-

150 2683 264 2766 mbm
291 2714 381 2793 ego,
407 2715 534 2796 neque
558 2685 636 2767 hoc
660 2688 745 2766 leve
772 2687 982 2796 putaveris,
1006 2684 1160 2766 famam
1191 2712 1294 2766 cotn-

150 2824 328 2891 munem,
356 2799 678 2893 consentientem,
708 2799 952 2879 constantem
976 2797 1063 2878 sum
1091 2798 1294 2906 sequutus:

150 2940 276 3021 neque
308 2940 395 2990 eam
426 2911 552 2991 solum
581 2939 666 3020 quae
696 2912 835 3021 populi
859 2939 953 3005 vox,
980 2929 1019 2990 et
1049 2911 1100 2990 ab
1132 2909 1295 3018 antiquis

150 3027 239 3104 Dea
258 3025 404 3104 credita
423 3025 493 3117 est,
513 3042 553 3103 et
570 3021 591 3103 {a
615 3023 726 3103 nobis
750 3022 868 3104 hodie
888 3051 967 3103 vox
988 3024 1068 3103 Dei
1096 3050 1296 3132 nuncupa·

149 3158 227 3229 tur,
249 3136 311 3215 sed
331 3165 419 3216 eam
439 3137 572 3228 etiam,
594 3154 638 3214 ut
658 3134 837 3243 legitime
853 3154 985 3215 tecum
1005 3136 1069 3242 agi
1089 3134 1294 3242 intelligas,

149 3277 268 3358 quam
281 3248 504 3358 Jurisperiti
524 3248 573 3327 ab
593 3246 823 3328 authoribus
842 3266 882 3327 et
900 3247 1033 3356 probis
1049 3265 1089 3326 et
1108 3246 1212 3327 bene
1231 3273 1296 3326 no-

149 3365 196 3442 tis
216 3381 410 3454 exortam,
424 3361 543 3441 fidem
560 3360 725 3465 adjicere
746 3359 970 3439 testimonio
987 3359 1148 3439 docent.
1199 3354 1294 3438 Vers
1335 3386 1337 3395 ·

149 3472 225 3554 hoc
245 3475 335 3554 dico
355 3494 395 3552 et
414 3471 611 3581 religiose,
628 3501 693 3551 me
711 3490 794 3551 toto
814 3472 975 3551 biennio
995 3470 1154 3550 nullum
1173 3494 1294 3580 neque

149 3587 397 3696 popularem,
418 3613 546 3693 neque
574 3586 829 3694 peregrinum
850 3583 1086 3676 convenisse,
1107 3610 1204 3662 cum
1222 3607 1294 3692 quo

150 3698 197 3777 de
215 3695 340 3777 isthoc
361 3698 495 3777 libello
514 3696 709 3777 sermones
730 3693 831 3775 mihi
855 3694 1027 3790 fuissent,
1047 3696 1147 3803 quin
1165 3718 1294 3774 omnes

150 3811 228 3889 uns
248 3837 343 3889 voce
367 3829 403 3888 te
424 3811 505 3916 ejus
526 3806 751 3889 Authorem
771 3808 849 3887 dici
874 3807 1153 3901 consentirent,
1173 3805 1294 3886 nemi·

149 3951 242 4002 nem
277 3940 413 4030 praeter
448 3944 485 4001 te
516 3923 639 4000 alium
672 3921 933 4002 nominarent.
994 3922 1056 3998 Ita
1088 3917 1293 3998 universim

147 4035 321 4115 obtinuit
339 4032 421 4113 haec
441 4033 559 4128 fama,
578 4052 622 4113 ut
641 4053 677 4112 te
696 4033 836 4142 possim
856 4032 986 4142 ipsum
1013 4029 1131 4136 hujus
1151 4032 1208 4111 rei
1227 4026 1292 4110 tes·

128 4225 130 4228 Α
148 4169 229 4230 tem
249 4148 480 4258 producere.
541 4148 681 4227 Recita
701 4164 816 4226 tuum
835 4144 916 4254 ipse
937 4143 1225 4225 testimonium.
