2888 5204
145 152 220 236 162
420 142 511 232 Pro
537 134 725 270 Populo
750 135 1020 269 Anglicano

140 344 281 396 rannus
316 317 440 397 invito
466 316 598 397 senatu
628 344 674 395 ac
703 318 868 427 populo,
904 318 968 399 vel
1005 315 1199 409 hostium,
1233 313 1289 394 vel

143 429 441 538 perditorum
407 432 557 510 crvium
583 427 803 538 praefidium
832 429 902 510 fibi
920 427 1043 537 quim
1070 429 1291 509 maximum

142 568 370 651 comparare
385 541 526 635 studet,
543 560 678 622 contra
696 539 872 621 senatum
887 541 1016 651 ipsum
1031 561 1073 621 et
1084 540 1289 669 populum.

146 652 367 734 Conceffit
355 672 487 762 rtaque
505 653 800 735 Parlamentum
815 655 915 761 regi,
928 672 973 735 ut
988 651 1065 733 alia
1081 653 1234 744 omnia,
1245 650 1291 731 fic

131 763 337 874 standardi
347 767 576 858 erectionem·
597 793 677 846 non
696 785 742 846 ut
756 763 893 845 infesta
905 766 1038 875 patriae
1054 765 1163 873 figna
1177 761 1292 844 infer·-

145 895 220 970 ret,
241 876 305 957 sed
321 896 365 958 ut
411 878 578 987 opulum
598 897 733 958 contra
751 905 817 958 eos
832 875 1061 958 defenderet
1062 877 1291 985 ,·quosPar

147 988 368 1070 lamentum
383 907 543 1071 lostes
528 989 702 1096 judicat;
730 989 758 1069 fi
778 989 884 1070 secus
903 988 1067 1084 feciffet,
1081 987 1165 1099 ipse
1180 986 1293 1069 hostis

141 1100 376 1207 judicandus
395 1123 500 1182 erat:
531 1129 626 1182 cum
647 1101 762 1206 juxta
781 1101 972 1211 ipsamS¹
993 1101 1214 1195 Edouardi,
1237 1096 1293 1180 vel

147 1214 254 1322 quod
275 1214 438 1293 sanetius
457 1214 527 1309 est,
547 1212 672 1321 ipsam
692 1232 835 1294 naturae
853 1214 1001 1321 legem,
1025 1240 1176 1295 nomen
1198 1211 1293 1320 regis

147 1326 375 1435 perdiderit.
434 1326 588 1406 Unde
577 1352 618 1404 rn
639 1327 820 1453 praediCta
832 1324 1078 1454 Philippioa,
1104 1324 1250 1406 amt'ttit
1266 1321 1295 1402 is

149 1467 248 1518 omne
264 1437 449 1518 exercitus
462 1456 499 1519 et
518 1436 664 1548 imperii
667 1436 753 1544 jus,
773 1436 841 1548 qui
855 1467 892 1519 eo
907 1436 1055 1547 imperio
1076 1455 1115 1518 et
1133 1435 1296 1517 exercitu

149 1549 327 1677 rempubl
343 1567 544 1660 oppugnat
604 1551 647 1630 N
650 1578 751 1659 eque
766 1549 910 1630 licebat
925 1577 1009 1657 regr
997 1546 1197 1658 feudales
1213 1548 1297 1629 illos

150 1663 287 1771 equites
298 1661 345 1741 ad
364 1661 496 1743 bellum
515 1689 691 1756 evocare,
708 1662 815 1770 quod
829 1663 1069 1743 Parlamenti
1083 1659 1297 1743 authoritas

31 1771 35 1779 ’
151 1801 231 1854 non
250 1773 500 1868 decreviffet3
530 1774 572 1852 id
599 1773 706 1881 quod
722 1803 772 1854 ex
796 1773 946 1856 statutis
965 1773 1148 1884 pluribus
1173 1773 1297 1854 meni·

152 1883 296 1967 festum
323 1887 393 1968 est.
455 1836 568 1966 Idem
599 1886 648 1965 de
673 1887 930 1994 vettigalibus
959 1905 999 1966 et
1028 1884 1149 1967 censu
1176 1883 1299 1967 novoli

151 1998 412 2094 censendum3
433 2027 556 2107 quem
576 1998 780 2130 imperare
787 1999 938 2079 civibus
958 1997 1036 2077 fine
1054 1997 1299 2080 senatuscon-

152 2110 252 2190 sulto
268 2139 337 2191 rex
358 2139 435 2191 non
450 2111 607 2221 potuit:
631 2116 755 2219 atque
770 2112 823 2189 ita
838 2110 1050 2219 graviffimi
1062 2110 1204 2217 legum
1214 2108 1298 2190 nos

154 2241 303 2302 tratum
315 2225 544 2332 rnterptetes
555 2249 665 2301 annis
677 2219 820 2302 abhrnc
831 2223 918 2331 plus
929 2250 1059 2302 mrnus
1071 2221 1299 2314 duodecun

154 2353 241 2414 tum
260 2363 354 2414 cum
373 2332 502 2414 adhuc
515 2333 780 2413 firmiffimum
795 2355 877 2414 erat
893 2335 1050 2443 regium
1069 2335 1300 2445 imperium,

153 2445 312 2555 publice
344 2447 571 2527 statuerunt.
631 2446 696 2526 Sic
726 2446 795 2526 diu
826 2466 914 2526 ante
945 2474 1011 2526 eos
1038 2445 1303 2527 Fortescutius

155 2559 323 2638 Henrici
343 2559 418 2639 Vl.
445 2557 698 2641 cancellarius
711 2557 811 2664 juris
831 2557 952 2639 nostri
973 2557 1301 2650 consultissimut3

155 2699 224 2750 rex
239 2671 408 2779 Angliae,
423 2670 567 2779 inquit,
581 2696 709 2778 neque
729 2670 835 2777 leges
850 2690 1003 2750 mutare
1017 2668 1163 2779 potest,
1177 2696 1303 2778 neque

156 2783 314 2875 tributa,
329 2784 484 2863 nolente
497 2779 661 2891 populu,
674 2784 892 2890 imponere,
906 2782 970 2861 sed
986 2809 1058 2861 nec
1077 2780 1304 2891 probaverit

154 2895 364 3002 quisquam
381 2893 472 2974 ullis
492 2893 724 2974 testimoniis
749 2896 1003 3002 antiquorum
1021 2893 1133 3002 regni
1147 2891 1306 3002 Angliae

141 3005 287 3114 statum
298 3006 478 3087 murcelle
490 3006 663 3114 regalem.
696 3005 825 3087 Habet
838 3037 922 3100 rex,
935 3007 1307 3114 inquitBradtonut,

145 3116 557 3227 jursslitlionemfitper
571 3147 697 3199 omnes.
758 3119 804 3197 ld
823 3119 879 3200 est
899 3118 939 3198 in
959 3118 1091 3213 curi&
1113 3117 1185 3199 ubi
1204 3117 1307 3227 regis

156 3232 320 3339 quidem
340 3233 500 3311 nomine
526 3229 662 3310 nostris
686 3249 819 3314 autem
847 3230 1001 3338 legibus
1024 3230 1089 3335 J‘us
1113 3231 1305 3311 redditur.

162 3345 289 3425 Omnis
293 3343 371 3452 fieb
386 3372 472 3450 rege
486 3343 533 3450 esl
539 3374 553 3435 ;
575 3343 615 3422 id
635 3342 691 3421 est
710 3342 875 3451 finguli:
906 3362 1023 3450 atque
1043 3343 1097 3422 ita
1117 3342 1154 3422 se
1174 3344 1306 3452 expli·

158 3476 221 3537 cat
240 3457 320 3564 ipse
334 3457 547 3535 Bradtonus
561 3452 691 3537 locisi
707 3481 771 3533 me
791 3452 903 3562 supra
923 3455 1065 3534 citatis.
1099 3452 1165 3533 Ad
1181 3481 1306 3563 eaque

158 3567 312 3660 restant,
329 3566 398 3646 ubi
418 3567 589 3646 eundem
610 3565 732 3646 volvis
752 3565 940 3675 lapidem,
961 3567 1001 3645 in
1013 3594 1097 3674 quo
1116 3564 1224 3647 voles
1243 3568 1306 3675 ip-

159 3678 261 3774 sum,
268 3679 386 3758 credo
390 3676 624 3786 Srsyphum
636 3677 831 3772 delaffare
838 3705 887 3757 ex
902 3678 1014 3787 supra
1025 3678 1139 3759 drurs
1150 3677 1308 3759 abunde

159 3791 425 3900 respondetur
469 3793 533 3871 De
546 3810 698 3884 caetero,
712 3789 912 3897 fiquando
929 3789 1176 3871 Parlamenta
1191 3789 1309 3870 suurn

159 3904 318 4011 regibus
338 3901 450 3982 bonis
469 3901 700 4009 obsequium
721 3901 966 4010 ampliffimis
984 3901 1125 3983 verbis
1130 3900 1232 3983 citra
1249 3899 1308 3983 as·

160 4015 416 4097 sentationem
442 4033 482 4094 et
505 4013 729 4093 servitutem
752 4013 942 4107 detulere,
969 4013 1011 4093 id
1029 4014 1138 4123 quast
1163 4013 1308 4095 eodem

161 4130 282 4211 modo
311 4126 482 4235 tyrannis
510 4125 685 4206 delatum
714 4126 819 4220 effet,
848 4124 1032 4233 intelligi,
1061 4145 1130 4206 aut
1157 4126 1310 4237 populo

161 4240 290 4323 fraudi
309 4239 383 4320 effe
400 4266 476 4318 non
497 4237 636 4333 debet;
658 4267 785 4347 neque
804 4238 912 4319 enim
924 4236 1032 4343 justo
1050 4237 1242 4348 obsequio
1259 4238 1311 4317 h

161 4353 312 4435 bertas
303 4351 568 4434 imminuitur
627 4352 748 4460 Qd
763 4367 896 4431 autem
908 4377 959 4431 ex
973 4350 1186 4433 Edouardo
1199 4352 1312 4434 Coeo
