796 1583
155 281 275 308 Defenfio.
295 284 354 317 Cap.
371 291 410 307 12.
534 292 573 314 ¹75

218 395 286 415 CAP.
302 395 356 415 XII.

100 439 165 460 Ellem
173 439 274 467 equidem,
282 439 369 463 Salmafi,
378 446 403 459 ne
410 439 444 459 cui
451 438 502 459 forte
509 439 575 460 vident

113 468 133 488 in
140 474 207 495 regem
215 468 318 491 carolum,
324 467 359 488 suo
366 467 407 488 fato
413 473 471 495 atque
478 467 574 496 supplicio

112 495 236 520 defunstum,
249 496 336 523 iniquior
347 495 385 515 effe
398 500 432 516 aut
446 496 541 520 acerbior,
553 501 576 516 ut

112 528 178 544 totum
184 523 238 544 hunc
245 524 270 544 de
277 523 385 544 criminibus
390 523 429 550 ejus
438 524 513 547 locum,
520 524 574 551 quod

106 552 144 572 tuis
157 552 263 572 consultius
273 551 345 576 fuiffet,
360 552 435 572 filentio
449 552 574 579 praeteriiss‘es.

99 579 119 600 τὸ
128 580 224 607 quoniam
234 580 254 600 id
264 580 327 607 magis
337 580 419 607 placuit,
429 585 451 600 ut
461 580 485 600 de
494 580 517 600 iis
526 587 576 608 prae-

99 612 114 628 tt
123 607 204 628 verbose
213 608 295 631 diceres,
306 607 377 628 faciam
387 607 476 635 profem
486 614 508 628 ut
518 608 576 628 intel-

99 636 118 656 nil
128 634 139 656 ὲ
151 640 170 656 te
183 636 226 656 fieri
236 636 374 663 incogitantius
384 635 473 663 potuifi‘e,
484 635 544 663 quam
554 641 577 657 ut

99 671 129 684 zm
136 664 196 684 causae
204 669 241 684 tuae
247 669 330 691 partem.
338 671 410 691 nempe
415 664 457 691 ejus
462 664 545 684 erimina
552 665 576 685 ad

99 699 114 712 n
126 691 235 712 refricanda
243 696 263 712 et
273 691 381 712 accuratius
391 692 507 719 inquirenda
516 692 576 713 restr-

99 727 135 743 uae,
141 727 188 740 cum
196 727 241 740 vera
249 725 269 740 et
278 720 394 740 atrociffima
401 720 503 740 ostendero
512 720 576 744 fuisse,

100 748 197 768 emoriam
204 748 297 768 omnibus
304 748 361 768 bonis
371 748 468 775 ingratam
476 753 535 775 atque
545 749 576 769 in-

99 780 104 796 t
118 776 147 796 tui
158 775 264 796 defensoris
276 776 345 797 odium
357 775 418 804 quhm
431 776 543 796 maximum
556 777 577 797 in

98 805 189 831 gentium
195 804 297 824 noviffime
305 804 422 831 relinquant.
438 805 498 828 Duae,
505 805 577 832 inquis,

99 839 121 852 us
137 832 258 859 acctfiztionis
266 832 316 859 fieri
324 832 410 860 pvffitnt5
425 840 463 853 una
478 832 497 852 in
513 837 578 860 repre-

99 860 140 880 υἱέα
149 860 245 887 vetfitur,
255 861 318 880 altera
329 860 348 880 in
358 860 429 881 delicffis
438 868 481 888 quae
489 865 578 888 tanquam

98 888 110 908 it
119 889 236 909 committere.
266 889 293 908 Et
302 888 363 908 vitam
377 889 459 916 quidem
472 888 513 915 ejus
527 889 579 910 inter

98 931 101 938 .
115 921 135 936 et
148 917 212 940 ludos,
229 921 249 936 et
262 916 389 937 foeminarum
402 923 471 944 greges
484 916 579 945 dilapsam

98 944 154 964 :ebo:
169 945 218 971 quid
230 945 283 964 enim
298 943 357 964 habet
369 945 428 965 luxus
441 945 524 971 dignum
536 953 579 966 me-

126 973 168 992 Aut
179 972 228 999 quid
238 972 279 992 haec
292 972 316 992 ad
326 979 369 995 nos,
381 972 395 992 fi
405 972 482 993 tanturn
492 973 579 1000 privatus

109 1000 212 1028 postquam
220 1000 283 1021 voluit
291 1007 325 1020 rex
335 1001 380 1024 effe,
387 1005 410 1021 ut
419 1007 455 1020 nec
463 1001 498 1020 fibi
506 1001 580 1025 vivere,

98 1035 158 1048 >ocare
168 1028 250 1055 quidem
262 1028 297 1048 fibi
310 1027 373 1048 solum
385 1029 457 1056 potuit.
488 1029 580 1050 Primum

99 1056 166 1084 emplo
182 1056 220 1077 suis
233 1056 402 1076 vehementiffime
415 1056 483 1077 nocuit
496 1056 581 1078 secundo

98 1112 144 1140 {uod
153 1117 194 1133 erat
202 1112 319 1140 plurimum,
329 1113 349 1133 id
360 1117 425 1133 totum
435 1112 511 1140 reipub.
519 1120 581 1141 quam

98 1145 115 1161 at
131 1140 286 1168 gubernandam,
302 1140 406 1164 subduxit;
427 1141 527 1168 posti-emb
542 1142 582 1162 im-

98 1175 143 1196 pes,
149 1169 313 1189 innumerabilem
323 1169 427 1196 pecuniam
435 1175 475 1189 nun
483 1169 544 1194 suam.
550 1170 582 1191 sed

98 1204 109 1217 u
120 1196 169 1217 luxu
179 1196 286 1217 domestico
296 1197 418 1224 dilapidavit.
448 1197 517 1225 Itaque
527 1198 583 1219 domi

98 1231 115 1245 :s
124 1225 213 1252 primum
223 1224 260 1245 effe
270 1225 337 1252 coepit.
367 1225 444 1245 Verum
453 1225 477 1245 ad
485 1232 507 1245 ea
517 1227 583 1254 potius

101 1259 143 1280 quae
151 1253 199 1273 malz>
212 1252 305 1279 regnando
316 1252 415 1281 commfiffl
423 1253 515 1280 arguitur
526 1259 583 1275 tran-

114 1280 156 1301 Hic
172 1281 227 1301 doles
243 1285 343 1308 tyrannum
359 1288 414 1304 eum,
427 1281 547 1308 proditorem,
563 1288 585 1303 et

97 1315 114 1329 m
123 1308 179 1329 fuisse
190 1309 309 1336 judicatum.
339 1308 362 1329 Id
374 1315 414 1329 non
426 1309 496 1336 injuria
508 1309 584 1331 fastum

97 1336 180 1357 rabitur.
210 1337 328 1364 Tyrannum
344 1341 411 1357 nutem
425 1337 488 1364 prius,
503 1344 542 1358 non
558 1345 584 1359 ex
