2888 5204
249 599 306 680 94
517 561 612 655 Pro
634 555 821 692 Populo
838 548 1108 688 Anglicano

242 734 407 845 petundi
420 735 568 817 habeat.
626 734 725 814 Haec
742 761 837 814 cum
851 760 903 812 ex
918 729 1142 812 Aristotelis
1156 732 1279 811 tertio
1295 733 1403 814 Poli-

248 849 421 928 ticorum
436 845 662 957 decerpfiffe
680 864 902 956 potueram,
921 845 1045 923 malui
1063 844 1134 922 abs
1152 862 1193 922 te
1218 844 1402 955 decerpta

249 959 516 1054 transcribere,
535 987 623 1068 quae
642 978 685 1038 tu
707 956 927 1050 Aristoteli,
945 975 992 1036 ut
1017 956 1155 1063 ignem
1176 955 1277 1061 Jovi
1304 958 1400 1039 Pro-

249 1069 446 1166 metheus,
462 1073 510 1151 ad
529 1072 769 1151 eversionem
787 1067 1108 1162 monarchamm,
1118 1086 1163 1146 et
1177 1071 1399 1176 perniciem

250 1184 369 1292 ipsius
384 1204 494 1264 tuam
507 1183 738 1292 surripuisti.
778 1182 872 1287 Jam
886 1182 995 1259 cuim
1009 1178 1242 1289 prolatami
1256 1200 1398 1263 temet·

249 1294 334 1405 ipso
353 1315 498 1377 naturae
520 1295 652 1404 legem
677 1314 821 1375 excute
853 1312 1048 1401 quaumm
1075 1293 1211 1385 volcs;
1242 1295 1398 1374 nullum

242 1407 327 1514 juri
338 1411 462 1517 regio,
478 1427 597 1517 prout
609 1428 652 1488 tu
657 1407 722 1515 jus
735 1408 833 1487 illud
847 1406 1087 1514 explicas,in
1099 1421 1238 1484 namra
1248 1407 1397 1501 locum,

249 1520 407 1599 nullum
433 1520 515 1626 ejus
541 1521 751 1629 vestigium
776 1518 931 1628 prorsus
959 1518 1146 1598 iuvenies.
1205 1519 1311 1613 Lex,
1337 1521 1398 1599 in·

248 1633 352 1741 quis,
371 1650 523 1714 natum
539 1661 621 1714 cum
638 1632 838 1741 dffponeret
861 1630 930 1741 qui
947 1659 1077 1739 regere
1097 1630 1190 1709 alios
1211 1628 1396 1725 deberent,

249 1744 503 1854 uniuersorum
521 1746 738 1856 populorum
765 1743 896 1824 bonum
920 1743 1093 1852 respexit.
1152 1741 1252 1821 Nou
1276 1744 1398 1852 igitur

249 1858 380 1952 unius,
396 1885 473 1938 non
489 1854 724 1937 monarche.
782 1855 853 1936 Est
868 1856 998 1964 itaque
1013 1882 1082 1934 rex
1094 1873 1259 1964 propter
1269 1882 1397 1966 popu-

250 1968 360 2048 lum:
391 1968 561 2078 populus
576 1967 673 2076 ergit
688 1995 779 2077 rege
794 1968 926 2077 potior
936 1985 978 2046 et
993 1967 1191 2076 superior3
1223 1965 1398 2076 superior

248 2106 343 2158 cum
363 2079 409 2159 fit
425 2097 466 2159 et
484 2081 616 2188 potior
636 2081 828 2190 populus3
859 2079 1015 2159 nullum
1023 2079 1089 2185 jus
1108 2078 1212 2185 regis
1230 2079 1397 2160 existere

249 2191 390 2300 potest,
409 2219 491 2383 pur>
510 2192 704 2301 populum
725 2194 757 2272 is
776 2189 941 2297 affligat,
960 2210 1029 2271 aut
1052 2192 1094 2269 in
1112 2189 1299 2272 servitute
1323 2189 1396 2271 ha·

249 2301 353 2399 beat,
371 2306 410 2384 in
430 2304 533 2386 erior
548 2304 799 2414 superiorem.
850 2304 924 2408 Jus
939 2302 1042 2383 male
1058 2301 1229 2382 faciendi
1241 2330 1338 2383 cum
1352 2304 1397 2384 fit

248 2418 332 2523 regi
353 2416 523 2512 nullum,
544 2416 753 2524 manetjus
772 2416 912 2526 populi
926 2416 1062 2496 naturi
1075 2414 1329 2525 supremum
1352 2434 1397 2495 ut

247 2556 328 2637 quo
341 2528 430 2634 jure
450 2527 631 2610 homines
647 2528 805 2608 confilia
822 2547 864 2608 et
881 2531 982 2608 vires
1002 2548 1148 2606 mutuae
1161 2525 1397 2608 defensionis

247 2642 386 2747 gratis,
417 2659 505 2720 ante
529 2669 639 2749 reges
666 2659 831 2734 creatos,
851 2640 983 2749 primu
1004 2638 1290 2733 consociavere,
1315 2667 1397 2748 quo

241 2751 330 2856 jure
349 2753 398 2832 ad
416 2779 673 2833 communem
693 2754 875 2834 omnium
902 2753 1081 2846 salutem,
1100 2779 1254 2860 pacem,
1276 2751 1397 2832 liber·

247 2880 369 2942 tatem
389 2864 690 2946 conservandam
708 2893 837 2946 unum
854 2866 917 2945 vel
936 2866 1067 2976 plures
1086 2866 1232 2945 caeteris
1253 2862 1397 2972 praefe·

246 2993 398 3070 cerunt,
427 2977 569 3057 eodem
591 2978 680 3084 jure
706 3006 805 3087 quos
832 2996 992 3087 propter
1014 2978 1203 3057 virtutem
1231 2994 1273 3055 et
1298 3004 1398 3087 pru-

246 3086 421 3167 dentiam
449 3091 595 3170 caeterir
628 3090 925 3201 praeposuerant,
954 3088 1104 3199 possent
1136 3088 1295 3169 eosdem
1327 3109 1398 3170 aut

246 3197 500 3309 quoscunque
514 3203 610 3283 alios
628 3203 811 3312 rempub.
828 3200 931 3282 male
945 3219 1139 3309 gerenteS,
1155 3219 1319 3311 propter
1333 3201 1408 3309 igs

247 3311 418 3406 naviam,
431 3314 650 3410 stultitiam,
661 3313 972 3425 improbitatem
994 3313 1199 3422 perfidiam
1207 3312 1271 3392 vel
1282 3321 1397 3393 coet-

246 3450 336 3503 cere
355 3424 418 3503 vel
436 3425 640 3506 abdicare:
671 3456 765 3507 cum
784 3445 922 3507 natura
935 3453 1014 3506 non
1033 3426 1149 3505 unius
1165 3426 1229 3506 vel
1244 3440 1397 3534 pauco-

246 3563 336 3616 rum
361 3538 590 3647 imperium,
611 3538 675 3619 sed
701 3538 970 3619 universorum
993 3538 1158 3618 salutem
1180 3536 1396 3647 respexerit

245 3647 398 3759 semper
411 3668 451 3729 et
465 3650 656 3761 respiciat.
713 3653 807 3756 jam
822 3649 916 3731 verb
930 3651 1100 3764 populus
1116 3649 1308 3757 quosnam
1322 3650 1396 3729 de-

245 3760 369 3868 legit?
384 3761 591 3873 sapienties,
615 3765 761 3871 inquis,
784 3782 853 3843 aut
864 3761 1096 3873 fortitudine
1120 3760 1266 3842 caeteris
1286 3779 1394 3870 prae-

231 3870 379 3979 stantes
405 3901 547 3984 nempe
569 3878 640 3983 qui
664 3877 800 3956 natura
823 3873 999 3955 maxime
1018 3900 1141 3982 regno
1165 3874 1298 3953 idonei
1322 3874 1392 3953 vifi

244 3981 346 4077 sunt,
374 3983 479 4091 cujus
504 3987 679 4066 excellens
700 3988 842 4082 virtus,
868 4006 905 4068 et
921 3987 1125 4097 prudentia
1145 3985 1331 4096 praestare
1353 3984 1397 4066 id

243 4097 418 4176 muneris
424 4097 562 4207 potuit.
595 4099 668 4203 Jus
681 4101 802 4208 igitur
816 4098 1056 4181 succeffionis
1069 4099 1207 4179 natura
1217 4098 1391 4192 nullum,

244 4206 375 4288 nullus
396 4212 532 4290 natura
548 4239 632 4305 rex,
649 4211 718 4291 nis1
732 4212 804 4320 qui
820 4211 1005 4322 sapientiai
1018 4231 1058 4292 et
1073 4210 1304 4292 fortitudine
1316 4238 1392 4290 cae·

244 4320 335 4399 teris
359 4321 543 4403 omnibus
567 4323 776 4432 precellit:
809 4325 951 4404 Caeteri
970 4325 1033 4404 vel
1057 4325 1111 4418 vi,
1131 4323 1196 4402 vel
1218 4321 1391 4403 factione

241 4449 377 4511 contra
396 4452 575 4514 naturam
595 4462 705 4543 reges
725 4435 825 4530 sunt,
845 4465 939 4516 cum
959 4435 1055 4516 servi
1075 4431 1207 4547 potius
1226 4433 1301 4514 effe
1320 4436 1392 4515 de-

242 4542 391 4624 berent.
451 4548 534 4627 Dat
561 4549 670 4626 enim
699 4566 835 4628 natura
863 4548 1140 4659 sapientiffimo
1168 4548 1315 4656 cuique
1348 4548 1390 4626 in

241 4653 373 4736 minus
393 4656 582 4767 sapientes
602 4661 831 4770 imperium,
852 4688 932 4740 non
951 4662 1036 4742 viro
1055 4661 1161 4741 malo
1181 4660 1222 4739 in
1251 4661 1389 4752 bonos,

242 4795 319 4849 non
348 4768 488 4853 stolido
516 4771 555 4851 in
586 4772 799 4884 sapientes:
830 4772 892 4856 his
921 4774 1043 4881 igitur
1073 4771 1289 4883 imperium
1320 4772 1389 4880 qui
