2888 5204
142 610 198 720 78
428 599 521 692 Pro
546 592 731 730 Populo
756 591 1025 727 Anglicano

143 772 323 866 scribere,
344 790 383 852 et
402 800 461 852 res
481 771 544 852 vel
564 773 732 853 maximi
752 773 945 853 momenti
971 773 1144 852 traslare.
1203 765 1294 847 Saul

143 884 319 993 igitur,s1
335 885 376 963 id
388 912 438 964 ex
451 883 521 964 usu
535 885 592 965 est
607 905 690 979 tu0‚
705 885 831 965 bonus
843 903 926 965 erat
937 912 1022 977 rex,
1037 883 1091 962 sin
1104 882 1147 962 id
1163 876 1294 959 minias

144 999 219 1078 tibi
228 997 404 1107 expedit,
419 996 578 1107 repente
594 1025 673 1077 non
685 1025 754 1077 rex
770 997 909 1089 bonus,
924 995 987 1076 sed
1000 1014 1184 1104 tyrannus
1195 992 1291 1087 erit;

144 1110 252 1218 quod
264 1107 368 1189 certe
382 1110 529 1189 mirum
542 1137 620 1190 non
636 1099 715 1205 est;
737 1108 835 1188 dum
847 1110 955 1188 enim
968 1107 1151 1218 potentiae
1163 1124 1294 1213 tyran·

145 1225 241 1301 nicae
271 1242 352 1301 tam
381 1222 632 1331 impudenter
659 1221 908 1313 lenocinaris,
935 1221 1033 1328 quid
1063 1218 1172 1298 aliud
1200 1215 1296 1297 facis

145 1332 266 1442 quim
281 1362 331 1412 ex
348 1332 461 1414 bonis
473 1333 631 1442 regibus
647 1353 829 1441 tyrannos
843 1361 994 1413 omnes.
1034 1332 1092 1411 At
1103 1329 1196 1410 verit
1210 1328 1295 1410 Da·

146 1446 213 1525 vid
231 1447 410 1554 quamvis
431 1473 565 1553 regem
582 1445 759 1526 socerum
775 1447 909 1525 multis
924 1446 973 1524 de
992 1444 1128 1536 caufis,
1145 1469 1233 1552 quae
1248 1442 1293 1522 ad

146 1585 216 1637 nos
231 1557 332 1638 nihil
347 1559 528 1651 attinent,
542 1559 766 1638 interimere
787 1558 922 1651 nollet,
940 1555 997 1636 sui
1013 1575 1146 1636 tamen
1159 1554 1295 1634 tuendi

145 1669 262 1750 causas
280 1670 412 1779 copias
428 1698 670 1779 comparare,
684 1671 809 1750 Saulis
828 1668 942 1749 urbes
954 1669 1015 1748 vel
1027 1694 1221 1777 occupare
1232 1666 1295 1746 vel

145 1782 307 1861 insidere
327 1810 405 1861 non
426 1782 642 1878 dubitavit;
674 1802 714 1861 et
734 1781 920 1861 Cheilam
945 1781 1138 1891 oppidum
1159 1798 1296 1859 contra

146 1894 305 1973 Saulem
324 1896 445 1974 etiam
464 1895 637 2003 praesldio
660 1895 852 1988 tenuisset,
873 1893 943 1972 nisi
966 1893 1183 2003 oppidanos
1204 1918 1297 1998 erga

145 2004 182 2085 se
198 2004 301 2084 malt
317 2008 505 2087 animatos
520 2007 772 2115 cognovisset.
833 2007 944 2118 Qid
960 2005 986 2084 fr
1002 2004 1094 2085 Saul
1108 2003 1207 2084 urbe
1223 2004 1296 2083 ob-

147 2116 255 2210 sessa,
268 2116 377 2197 scalis
393 2146 507 2199 muro
521 2121 703 2213 admotis,
719 2118 870 2228 primus
884 2117 1085 2197 ascendere
1101 2115 1296 2209 voluisset,

147 2257 196 2309 an
218 2228 347 2309 censes
368 2231 567 2310 Davidem
592 2260 699 2311 arma
723 2230 901 2340 protinus
924 2229 1181 2337 abjecturum,
1210 2226 1296 2308 suos

145 2369 283 2421 omnes
302 2345 420 2421 unCto
439 2340 540 2423 hosti
560 2345 809 2451 proditurum
828 2339 967 2421 fuisse?
996 2369 1075 2421 non
1094 2340 1295 2421 existimo.

149 2453 303 2571 Qidni
318 2457 426 2534 enim
442 2452 591 2535 fecisset
605 2455 711 2563 quod
732 2482 801 2534 nos
821 2452 1001 2547 fecimus,
1014 2454 1084 2561 qui
1098 2452 1296 2532 rationum

145 2564 301 2646 suarum
313 2567 531 2647 necessitate
543 2570 714 2659 coactus,
730 2564 962 2646 Philisthaeis
973 2566 1105 2673 patriae
1119 2562 1296 2644 hostibus

146 2704 309 2786 operam
320 2678 473 2787 prolixe
486 2679 594 2759 suam
606 2679 819 2789 pollicitus,
832 2677 872 2757 id
884 2675 979 2757 fecit
990 2696 1125 2756 contra
1137 2676 1297 2756 Saulem

146 2789 254 2895 quod
270 2816 340 2868 nos
356 2791 396 2867 in
414 2791 590 2871 nostrum
605 2810 814 2898 tyrannum
829 2789 947 2869 credo
963 2817 1167 2896 nunquam
1183 2786 1299 2869 fecis·

146 2899 286 2979 semus.
348 2902 475 2982 Pudet
493 2931 573 2997 me,
592 2923 632 2983 et
643 2904 729 3008 jam
748 2903 817 2982 diu
836 2900 1039 3012 pertaefum
1059 2901 1114 2980 est
1129 2900 1298 2980 menda-

145 3013 300 3092 ciorum
312 3031 489 3109 tuorum;
506 3015 670 3095 Inimicti
674 3014 800 3124 potiris
804 3012 1031 3124 parcendum
1039 3011 1304 3122 qudmamicis,

146 3123 373 3230 Anglorum
397 3126 471 3205 esse
491 3127 636 3235 dogma
656 3127 796 3234 fingis3
813 3124 928 3237 seque
950 3124 1036 3232 regi
1043 3123 1117 3232 suo
1134 3142 1299 3234 parcere

146 3264 216 3315 non
242 3234 407 3346 debuisse,
439 3239 527 3348 quia
560 3240 699 3320 amicus
725 3255 824 3318 erat.
886 3237 990 3350 Qis
1016 3264 1193 3345 unquam
1220 3234 1299 3317 hoc

147 3343 255 3457 priirs
281 3349 445 3443 audivit,
465 3349 586 3459 quim
609 3348 630 3429 a
656 3370 693 3430 te
718 3350 933 3430 considium
956 3348 1063 3442 esset,
1084 3347 1298 3441 hominum

148 3460 451 3541 mendaciffime.
512 3459 664 3542 Verum
694 3461 954 3570 ignoscimus:
991 3461 1122 3541 deerat
1150 3488 1299 3571 nempe

146 3568 240 3651 huic
259 3574 379 3683 capiti
400 3574 749 3683 praestantissimum
769 3574 925 3653 illudet
949 3573 1190 3652 tritissimum
1209 3600 1300 3652 ora·

147 3684 263 3763 tionis
279 3704 353 3764 tuae
367 3687 633 3794 pigmentum,
647 3685 733 3791 jam
748 3683 903 3794 quinto,
916 3703 956 3765 et
968 3704 1057 3764 ante
1069 3683 1193 3763 finem
1206 3685 1299 3765 libri

146 3798 274 3875 decies
294 3825 345 3875 ex
364 3798 502 3877 loculis
524 3801 599 3878 tuis
619 3816 659 3877 et
685 3795 938 3906 myrotheciis
961 3797 1297 3907 expromendum,

144 3907 288 4011 moloffls
295 3906 381 4012 suis
389 3908 608 4014 ferociores.
667 3911 764 3990 Non
785 3930 867 3989 tam
886 3909 1010 4016 Angli
1029 3908 1105 3988 suis
1124 3908 1299 3989 moloffis

144 4016 352 4097 ferociores
372 4019 473 4115 sunt,
488 4020 609 4128 quim
629 4041 672 4100 tu
691 4049 785 4101 cane
804 4022 944 4129 quovis
963 4021 1099 4101 rabido
1108 4020 1298 4127 jejunior,

145 4131 216 4236 qui
235 4129 283 4208 ad
303 4130 428 4225 illam,
448 4161 569 4240 quam
595 4134 708 4214 toties
731 4133 953 4226 evomuisti,
977 4131 1164 4213 cramben
1188 4133 1298 4212 duris

145 4240 260 4321 ilibus
273 4241 489 4323 identidem
502 4245 628 4324 redire
642 4244 815 4326 sustines.
842 4244 982 4325 Davr'd
990 4245 1162 4353 denique
1173 4247 1299 4325 Ama·

144 4352 316 4433 lechitum
330 4356 498 4435 interfici
507 4357 629 4463 jussit,
646 4358 784 4451 Saulis,
799 4375 843 4436 ut
855 4357 1049 4438 simulavit
1060 4355 1158 4466 ipsc,
1175 4359 1297 4438 inter-

145 4462 361 4560 festorem3
393 4469 501 4550 nulla
527 4465 593 4547 htc
619 4496 746 4577 neque
773 4467 865 4548 fasti
891 4497 1020 4578 neque
1045 4467 1299 4578 personarum

144 4576 373 4659 similitudo.
412 4580 535 4694 Qod
551 4580 621 4658 nifi
637 4581 768 4661 David
780 4580 830 4660 ad
843 4579 1087 4661 Philisthaeos
1100 4580 1297 4674 defecisse,

141 4709 183 4770 et
205 4718 292 4799 pars
323 4719 463 4773 eorum
490 4692 686 4773 exercitiis
713 4691 824 4773 fuisse
847 4693 965 4788 visus,
991 4692 1041 4773 eo
1068 4690 1298 4802 diligentius

142 4830 306 4884 omnem
325 4799 404 4887 alfe
422 4805 681 4915 suspicionem
700 4804 938 4887 maturandae
954 4807 1040 4915 regi
1059 4808 1168 4887 necis
1187 4832 1299 4887 amo-
