2888 5204
346 575 526 671 Contra
551 570 878 671 Alexandrum
902 577 1113 671 Morum.
1227 616 1305 700 375

149 774 224 827 cur
241 776 362 829 unam
379 752 655 831 tantummodo
675 779 821 831 noxam
842 771 924 831 tam
940 749 1100 830 verbose
1121 768 1203 831 tam
1223 753 1300 830 ita-

148 859 280 940 cundi
304 860 456 942 summa
483 891 578 942 cum
608 865 754 942 invidia
782 866 838 943 rei
866 862 995 973 perse
1026 864 1222 943 levillimae
1249 864 1301 944 fic

148 998 365 1081 exaggeres
383 991 501 1084 atque
521 978 711 1083 exagites,
732 978 894 1085 perinde
914 976 1021 1084 quafi
1045 976 1086 1055 in
1106 973 1143 1054 se
1162 1004 1300 1057 omnes

149 1086 375 1193 impietates
394 1106 434 1166 et
452 1089 618 1167 crimina
637 1089 979 1197 complecteretur,
1001 1089 1070 1167 nili
1084 1088 1169 1193 jam
1189 1109 1300 1168 antea

148 1197 379 1293 docuissem,
396 1201 435 1278 id
451 1202 577 1306 magis
589 1202 815 1280 mirandum
828 1201 942 1310 pollit
958 1201 1146 1308 cuiquam
1158 1201 1296 1282 videri.

150 1309 227 1388 Sed
248 1338 293 1390 ea
309 1312 501 1391 nimirum
520 1341 590 1391 arx
610 1331 692 1392 erat
706 1314 833 1405 unica,
855 1316 895 1392 in
915 1341 992 1422 qua
1012 1312 1121 1421 spem
1135 1340 1298 1392 omnem

149 1421 440 1518 collocaveras;
483 1425 511 1504 fi
538 1424 773 1533 persuasisses
803 1424 996 1534 plerisque
1024 1445 1061 1504 te
1090 1423 1299 1505 authorem

149 1533 348 1615 Clamoris
368 1563 446 1615 non
467 1536 555 1631 esse,
572 1535 716 1645 mdque
737 1538 966 1630 mentitum,
987 1537 1027 1615 in
1047 1537 1167 1615 altera
1185 1557 1297 1645 parte

148 1672 273 1753 quam
289 1647 337 1725 de
349 1649 557 1728 calumniis
571 1678 699 1743 vocas,
716 1649 765 1728 de
777 1648 920 1757 quibus
932 1649 1039 1756 quod
1055 1677 1127 1757 pro
1142 1667 1178 1727 te
1193 1650 1297 1729 dicas

147 1756 251 1837 nihil
266 1760 421 1867 prorsus
436 1759 570 1854 habeS,
584 1760 758 1870 sperabas
780 1781 817 1840 te
838 1760 946 1841 sacili
961 1759 1183 1840 defenfione
1203 1760 1294 1839 usu-

148 1897 240 1949 rum
253 1891 388 1951 contra
400 1901 466 1951 me
482 1872 630 1953 scilicet
646 1874 878 1953 mendacem
892 1873 977 1980 jam
990 1892 1101 1952 antea
1114 1897 1296 1981 comper-

146 1999 251 2076 tum,
282 1981 398 2092 tdque
421 2013 557 2065 omnes
576 1988 664 2065 vitae
681 1987 853 2065 maculas
872 1989 977 2096 apud
997 1986 1233 2092 longinquos
1257 2004 1297 2063 et

146 2093 304 2202 ignotos
324 2094 398 2175 hac
418 2117 498 2177 arte
518 2099 637 2204 gratis
653 2099 883 2177 eluiturum.
943 2094 1097 2177 Verum
1112 2124 1186 2205 ego
1202 2125 1296 2177 cum

143 2224 286 2314 praeter
304 2207 413 2316 spem
440 2208 748 2319 opinionemque
773 2230 882 2289 tuam
907 2229 944 2288 te
970 2209 1177 2289 authorem
1199 2210 1295 2288 Cla-

144 2321 270 2398 moris
294 2321 613 2429 tergiversantem
640 2323 732 2402 licet
752 2342 793 2401 et
812 2320 1092 2402 reclamantem
1116 2319 1295 2428 legitime

145 2432 361 2539 arguerim,
379 2459 457 2512 non
474 2434 612 2513 dubito
628 2437 726 2543 quin
746 2436 794 2514 ad
815 2433 961 2540 flagitia
980 2461 1138 2542 quoque
1160 2455 1240 2526 tua,
1257 2451 1297 2511 et

175 2570 244 2623 uas
272 2562 315 2622 tu
341 2545 556 2626 calumnias
582 2547 662 2626 dici
688 2548 827 2641 mavis,
853 2543 1070 2625 accuratius
1093 2564 1212 2654 prout
1235 2572 1294 2624 res

144 2571 248 2735 seret
274 2658 521 2765 exequendas
547 2661 652 2767 apud
672 2687 808 2739 omnes
829 2686 961 2737 rerum
980 2685 1109 2764 aequos
1129 2658 1293 2736 aestima·

144 2785 249 2848 tores
287 2768 409 2848 fidem
437 2771 631 2878 integram
660 2773 841 2851 attulero.
916 2771 1039 2850 Nunc
1068 2765 1189 2876 quim
1220 2767 1293 2847 sri-

145 2878 255 2986 gide,
283 2909 404 2990 quam
436 2881 572 2978 invite,
601 2912 722 2991 quam
757 2880 873 2993 plane
908 2881 1026 2961 sontis
1061 2882 1104 2960 in
1138 2909 1293 2961 morem

142 2991 245 3072 vafri
270 3021 315 3073 ac
337 2995 461 3074 vetuli
488 2993 557 3075 has
583 2997 651 3075 abs
678 3016 716 3076 te
743 2997 865 3075 dietas
890 2995 1107 3074 calumnias
1137 2997 1290 3087 tractes,

143 3101 345 3214 quimque
358 3105 584 3187 infoeliciter
600 3109 755 3187 amoliri
775 3106 842 3187 abs
859 3126 896 3186 te
910 3107 1075 3200 coneris,
1091 3106 1289 3213 reliquum

144 3215 204 3295 est
221 3235 266 3295 ut
283 3217 497 3298 ostendam.
558 3217 742 3299 Primum
757 3218 1066 3312 cunctabundus,
1084 3237 1124 3297 et
1143 3218 1292 3297 incerto

143 3325 281 3437 pedeir
292 3329 488 3438 prioribus
499 3333 629 3413 castris
644 3334 684 3411 in
704 3330 786 3411 haec
806 3331 925 3410 altera
944 3358 1039 3409 cum
1058 3329 1198 3409 multis
1214 3333 1293 3408 im-

143 3440 383 3549 pedimentis
402 3442 502 3550 aegrs
521 3463 562 3524 et
581 3473 628 3523 ne
645 3446 714 3524 vix
733 3444 897 3552 quidem
916 3441 1072 3522 tranfis:
1104 3439 1292 3550 quippei

143 3553 352 3634 mendacio
375 3582 456 3634 non
477 3556 525 3634 ad
549 3556 716 3636 alterum
737 3556 1003 3647 mendacium,
1025 3554 1065 3632 id
1085 3553 1193 3631 enim
1212 3580 1294 3631 non

143 3664 263 3744 audes
274 3665 418 3761 dicere,
435 3665 500 3747 sed
513 3669 561 3747 ad
576 3667 780 3748 calumnias
794 3668 983 3747 duntaxat
998 3684 1037 3744 et
1052 3663 1288 3769 rumusculos.

145 3776 286 3885 Itaque
299 3780 347 3858 ad
364 3780 616 3860 mendacium
627 3780 726 3860 illud
742 3781 856 3860 toties
868 3779 1075 3887 jactatum,
1092 3775 1213 3856 modo
1230 3776 1292 3856 di-

143 3888 304 3969 miffum
338 3911 456 3998 atque
490 3893 730 4002 praeteritum
762 3890 952 4002 perpetuis
985 3888 1165 3983 recurris,
1197 3917 1292 3968 cum

142 3999 307 4110 praesens
326 4030 503 4110 arguere,
525 4005 661 4112 siquod
680 4003 785 4098 esset,
805 4003 990 4083 deberes:
1022 4021 1062 4080 et
1087 4000 1292 4081 adversarii

143 4113 252 4221 quod
273 4114 461 4194 miserum
480 4116 550 4210 est,
571 4114 693 4225 quim
712 4117 772 4194 tui
795 4115 978 4210 securior,
999 4114 1039 4193 in
1059 4114 1129 4193 illo
1148 4141 1292 4207 errore,

141 4226 484 4333 quemadmodum
496 4230 602 4307 credi
611 4230 668 4308 vis
682 4255 788 4321 meo,
801 4256 922 4337 quam
936 4229 976 4306 in
991 4246 1057 4305 tua
1069 4253 1174 4305 nunc
1186 4226 1291 4336 apud

142 4355 183 4416 te
198 4339 304 4418 resta
321 4340 555 4420 conscientia
571 4339 700 4420 multo
714 4341 802 4448 plus
818 4340 1031 4449 repofitum
1048 4338 1121 4418 tibi
1137 4337 1217 4447 spei
1233 4358 1292 4417 at-

141 4476 223 4557 que
242 4452 406 4559 praefidii
425 4453 610 4532 declaras.
671 4452 798 4562 Atqui
817 4480 897 4531 non
917 4481 1023 4545 meo,
1045 4450 1180 4558 siquod
1201 4448 1292 4542 fuit,

143 4562 367 4657 mendacio,
389 4563 452 4645 sed
475 4566 539 4644 tui
560 4583 598 4643 te
613 4565 790 4658 veritate,
811 4565 917 4672 siqua
936 4562 1029 4657 suit,
1049 4562 1205 4641 munire
1225 4562 1294 4640 de·

142 4673 276 4754 buisti.
335 4678 393 4756 At
406 4678 516 4757 enim
535 4677 765 4757 authoritate
777 4677 936 4869 prpria
955 4704 1074 4755 meras
1093 4672 1296 4753 calumnias

142 4786 298 4883 intento,
311 4818 404 4898 quas
422 4789 522 4871 nullo
534 4807 828 4899 argumentopro
852 4818 886 4883 o,
901 4788 1000 4868 nullo
1012 4786 1097 4896 teste
1109 4784 1293 4894 confirmo.
