2888 5204
68 1176 194 1310 Pro
211 1178 465 1358 Populo
487 1179 855 1362 Anglicano
879 1182 1215 1350 Defenfi0‚

171 1411 353 1505 Contra
377 1406 565 1507 Claudii
590 1415 852 1548 Anonymi,
876 1411 987 1513 aliis
1012 1413 1111 1514 Sal·

322 1572 447 1668 mafii,
469 1571 751 1656 Defenfionem
772 1576 958 1686 Regiam.
994 1563 1001 1576 ’

481 1832 806 1920 PRAEFATIO.

88 2006 152 2061 ⁴⁴.
265 1993 412 2100 Ametſs
424 2021 569 2088 vereor,
575 1993 620 2099 st
635 1996 674 2075 in
691 1994 908 2102 defendendo
924 2000 1216 2110 PopuloAngli·

242 2200 248 2214 Ι
292 2134 382 2186 cano
400 2125 478 2186 tam
490 2107 558 2207 stm
569 2107 746 2216 profestos
759 2109 969 2204 verborum,
989 2141 1134 2193 vacuus
1153 2145 1213 2195 re·

183 2246 184 2249 ’
291 2247 391 2312 rum,
421 2216 531 2327 quim
557 2217 606 2327 est
626 2219 807 2330 plerffque
829 2221 930 2328 vssts
956 2224 995 2303 in
1019 2223 1215 2331 desenstone

290 2330 399 2438 regici
410 2330 623 2435 Salmasius,
635 2361 680 2411 ne
693 2331 923 2441 verbostfflmi
922 2334 1044 2439 simul
1057 2357 1093 2416 et
1112 2339 1214 2448 inep-

60 2442 184 2549 tffmi
194 2442 391 2550 deferfforis
411 2471 534 2523 nomen
555 2443 709 2525 meritus
731 2444 796 2554 effi
815 2445 962 2539 videar,
986 2464 1108 2528 tamen
1131 2453 1213 2531 crim

60 2554 286 2637 mmediocri
294 2555 429 2664 quavis
438 2555 597 2635 materia
611 2556 814 2637 tractanda
828 2558 1012 2664 nemostbi
1025 2559 1111 2640 adeo
1120 2578 1212 2670 pro-

54 2667 263 2774 perandum
280 2667 345 2776 effi
362 2665 551 2775 exssimet,
574 2668 663 2777 quin
686 2668 830 2749 exordio
840 2669 979 2775 saltem
1002 2673 1124 2780 aliquo
1139 2693 1212 2782 pro

59 2778 415 2888 dignitatestescepti
429 2777 455 2857 ὰ
461 2779 507 2888 st
525 2780 643 2888 operis
661 2780 860 2886 utisoleot,
880 2780 922 2861 id
936 2811 999 2889 ego
1018 2783 1057 2865 in
1075 2814 1118 2865 re
1135 2817 1211 2867 om·

60 2892 161 2971 nium
169 2893 265 2998 seri
282 2891 443 2972 maxima
462 2889 613 2971 dicenda
621 2891 665 2997 st
685 2921 754 2972 non
776 2893 954 2987 omittam,
974 2923 1086 3005 neque
1104 2897 1210 2978 nimis

57 3003 275 3111 fflringam,
290 3003 403 3112 spero
428 3003 602 3113 equidem,
629 3002 722 3083 duas
743 3004 997 3115 propemodtim
1020 3037 1093 3102 res,
1118 3039 1210 3119 quas

58 3117 276 3225 magnaper>
302 3116 445 3208 vellem,
476 3113 723 3224 afflcuturum
751 3146 806 3196 me
832 3117 897 3227 eſje
909 3150 923 3209 ;
961 3119 1135 3215 alteram,
1165 3142 1210 3203 ut

57 3228 294 3334 causehuic
312 3227 541 3333 nobilzfflmae,
568 3245 606 3306 et
619 3227 829 3334 stculorum
854 3229 1009 3310 omnium
1037 3235 1208 3315 memoria

58 3338 270 3447 dignffmae
301 3340 407 3420 nulla
428 3370 474 3419 ex
490 3356 618 3448 parte,
647 3358 826 3449 quantum
849 3343 887 3421 in
909 3371 963 3421 me
981 3343 1043 3452 est,
1074 3343 1206 3448 destm3

56 3453 233 3546 alteram,
250 3471 293 3532 ut
307 3452 557 3561 repreherfirm
573 3451 612 3530 in
625 3452 838 3559 adversterio
843 3453 1076 3561 futilitatem
1090 3474 1128 3535 et
1145 3486 1206 3536 re-

56 3562 314 3657 dundantiam,
337 3562 510 3673 devitaffe
531 3583 653 3644 tamen
677 3563 748 3674 ipse
771 3565 882 3645 nihilo
904 3565 1023 3644 minus
1039 3565 1205 3672 judicer.

59 3676 200 3756 Dicam
219 3674 313 3756 enim
330 3704 392 3754 res
413 3703 526 3784 neque
545 3693 708 3782 parvas,
734 3705 846 3785 neque
871 3676 1064 3784 vulgares,
1088 3708 1208 3787 regem

47 3787 341 3896 potentiffimum,
361 3787 527 3896 oppreffie
544 3786 697 3895 legibus,
710 3788 883 3895 religione
900 3789 1052 3900 afflietd,
1066 3808 1139 3900 pro
1157 3795 1206 3872 li-

53 3898 175 3979 bidine
192 3917 421 4006 regnantem,
441 3899 586 3980 tandem
603 3897 628 3978 a
642 3899 715 4005 stro
733 3901 880 4010 populo,
901 3901 968 4011 qui
977 3903 1206 4009 strvitutem

54 4012 200 4119 longam
213 4010 424 4117 servierat,
444 4011 532 4091 bello
551 4011 719 4104 voltum
746 4012 828 4093 inde
851 4015 889 4092 in
909 4013 1099 4121 custodiam
1118 4034 1205 4097 tro-

54 4121 200 4217 ditum,·
220 4141 258 4202 et
271 4120 354 4203 crim
372 4123 512 4203 nullom
530 4125 669 4204 omnino
680 4121 807 4204 meliis
825 4122 868 4204 de
871 4128 918 4231 se
923 4126 1109 4232 sperandi
1122 4158 1204 4208 ma-

54 4235 190 4315 teriam
208 4235 275 4314 vel
287 4234 396 4315 diota}
411 4236 478 4315 vel
483 4235 610 4344 factis
628 4234 832 4344 praeberet,
855 4234 880 4315 ἃ
896 4237 1041 4342 summo
1066 4236 1205 4321 domim

54 4348 166 4453 regni
178 4346 338 4427 Concilio
356 4348 477 4455 capite
494 4345 733 4439 damnatum
754 4367 791 4427 et
803 4364 875 4456 pro
894 4349 978 4457 ipfis
998 4352 1204 4460 Regiaefo-

54 4459 160 4538 ribus
168 4458 303 4565 stcuri
310 4458 529 4567 percuffiem.
589 4459 728 4538 Dicam
748 4458 872 4554 etiam,
897 4460 994 4570 quod
1007 4462 1060 4542 ad
1075 4464 1203 4544 levan-

52 4570 116 4650 dos
132 4570 532 4680 magnasteperstitione
550 4570 729 4649 hominum
748 4572 884 4652 animos
902 4573 1056 4653 multum
1075 4594 1204 4655 contu-

51 4684 156 4777 lerit,
169 4712 238 4794 quo
245 4681 353 4788 jure,
359 4683 574 4793 prasertim
588 4681 692 4791 apud
703 4712 779 4777 nos,
788 4681 1001 4789 judicatum
1016 4685 1080 4767 hoc
1093 4704 1206 4795 atque

108 4823 137 4898 4
647 4820 671 4873 B
