2888 5204
471 586 694 689 Defenfio
720 585 947 688 Secunda.
1000 590 1005 599 ’
1201 630 1250 711 32
1256 629 1278 712 ς

126 775 250 856 nitos:
270 773 1279 886 Huitlochium,Picheringum,Striclandium,8id-

126 914 311 984 namum,
336 908 454 1000 atque
478 891 684 971 Sidneium
710 891 833 999 (quod
858 917 933 998 ego
958 889 1104 970 illustre
1134 914 1280 966 nomen

125 999 269 1080 nostrls
282 1000 435 1112 semper
445 1001 635 1083 adhaefisse
647 1003 821 1112 partibus
834 1002 1279 1110 laetor)M0ntacut1um,

127 1112 406 1209 Laurentium,
432 1115 618 1195 summo
607 1116 767 1222 mgenio
786 1116 937 1209 ambos,
961 1112 1199 1244 optimisque
1219 1140 1280 1191 ar-

126 1224 235 1304 tibus
259 1227 470 1337 expolitos,
499 1226 670 1336 aliosque
698 1228 915 1336 permultos
944 1227 1101 1306 eximiis
1130 1225 1280 1305 meritis

128 1337 253 1431 cives,
278 1340 425 1448 partim
451 1339 642 1419 senatorio
659 1339 901 1449 jampridem
924 1367 1103 1432 munere,
1135 1337 1280 1448 partim

127 1448 294 1530 militari
313 1479 432 1561 opera
456 1451 636 1558 insignes.
696 1453 774 1531 His
800 1470 840 1530 et
863 1450 1167 1531 ornatiffimis
1129 1450 1222 1529 vrris
1241 1465 1281 1527 et

127 1560 412 1671 spectatiffimis
430 1563 581 1644 civibus
597 1563 818 1643 libertatem
835 1563 1005 1643 nostram
1021 1560 1281 1691 proculdubio
1313 1630 1321 1641 .

126 1671 235 1754 reete
249 1675 516 1756 commiseris.
537 1674 665 1755 immb
684 1677 827 1806 quibus
840 1676 961 1756 tutius
979 1674 1178 1755 committi
1192 1673 1280 1782 pos-

127 1785 177 1866 fit
192 1804 262 1866 aut
279 1788 477 1882 concredi,
493 1786 598 1867 haud
618 1785 733 1867 facile
753 1789 841 1896 quis
860 1788 1016 1870 dixerit.
1075 1787 1232 1866 Deinde
1254 1785 1281 1864 sr

131 1897 352 1980 Ecclefiam
373 1899 554 1980 Ecclesrae
579 1900 796 2008 reliqueris,
826 1919 942 2008 teque
966 1927 1009 1979 ac
1034 1898 1282 2007 magistratus

128 2036 180 2091 eo
194 2038 329 2106 onere,
344 2030 384 2092 et
402 2013 569 2091 dimidio
583 2010 698 2091 fimul
713 2032 753 2091 et
768 2012 1014 2106 alieniffimo,
1032 2012 1202 2122 prudens
1222 2010 1280 2090 le-

129 2127 308 2205 vaveris:
330 2151 402 2203 nec
422 2125 517 2204 duas
532 2123 739 2233 potestates
754 2123 872 2232 longb
884 2123 1165 2218 diverfiffimas,
1181 2125 1282 2203 civi·

131 2234 216 2316 lem
236 2255 277 2316 et
296 2236 619 2328 Ecclefiasticam‚
641 2235 769 2315 fiveris
789 2237 890 2316 inter
909 2235 946 2315 se
963 2236 1144 2315 scortari:
1167 2236 1282 2344 seque

131 2348 308 2428 invicem
321 2347 550 2458 promiscuis
561 2375 605 2426 ac
620 2347 721 2427 falfis
733 2347 874 2456 opibus
886 2348 926 2427 in
940 2347 1107 2456 speciem
1118 2348 1282 2456 quidem

131 2459 307 2555 firmare,
324 2488 365 2540 re
384 2480 517 2541 autem
533 2487 623 2539 vera
637 2459 866 2540 labefaslare
881 2487 925 2539 ac
941 2461 1104 2539 demum
1124 2459 1283 2539 lirbver-

131 2590 217 2654 tere
231 2600 250 2676 ζ
274 2573 301 2652 fi
315 2574 398 2653 vim
413 2600 575 2652 omnem
588 2571 636 2651 ab
647 2573 819 2652 Ecclefia
836 2571 1053 2666 sustuleris;
1076 2573 1134 2651 vis
1149 2590 1283 2652 autem

131 2712 339 2793 nunquam
355 2685 494 2779 aberit,
506 2683 681 2793 quandiu
696 2686 878 2794 pecunia,
894 2683 1073 2763 Ecclefiae
1088 2685 1282 2779 toxicum,

131 2798 307 2878 veritatis
326 2799 482 2904 angina,
499 2798 729 2876 enuntiandi
745 2797 952 2904 Evangelii
973 2824 1137 2891 merces,
1153 2798 1193 2876 vi
1209 2799 1284 2877 eti-

129 2936 199 2989 am
225 2909 274 2988 ab
298 2910 520 2989 nolentibus
546 2913 692 3003 coasta,
720 2911 818 3005 erit;
850 2910 1007 3016 ejeceris
1030 2937 1081 2988 ex
1110 2908 1283 2990 Ecclefia

132 3021 422 3103 nummularios
436 3022 623 3115 illos,non
635 3021 838 3101 columbas
850 3021 914 3101 sed
927 3020 1283 3117 columbam,sanc-

133 3152 224 3215 tum
239 3132 368 3243 ipsum
387 3132 566 3243 spiritum
585 3152 861 3243 cauponantes.
901 3135 1013 3213 Tum
1033 3133 1059 3211 fi
1079 3133 1185 3242 leges
1204 3163 1283 3214 non

132 3264 194 3328 tot
226 3247 421 3353 rogaveris
447 3273 579 3338 novas,
604 3264 703 3353 quot
727 3246 971 3352 abrogaveris
995 3263 1166 3340 veteres;
1198 3243 1285 3326 sunt

132 3359 245 3455 enim
265 3356 360 3467 saepe
377 3359 417 3436 in
438 3357 654 3466 republica,
675 3359 746 3465 qui
765 3359 908 3437 multas
928 3358 1032 3465 leges
1054 3355 1218 3452 serendi,
1239 3376 1285 3439 ut

132 3470 408 3551 versificatores
421 3469 546 3550 multa
558 3471 731 3549 carmina
743 3468 934 3550 fundendi
945 3470 1283 3578 impetiginequa-

133 3583 231 3664 dam
247 3583 454 3692 pruriunt:
476 3581 540 3661 sed
555 3582 661 3689 leges
677 3581 758 3689 qud
775 3582 861 3661 sunt
875 3582 1018 3690 plures,
1035 3579 1083 3661 eb
1099 3580 1181 3661 sere
1197 3582 1284 3661 sunt

134 3695 371 3789 deteriores;
404 3721 482 3773 non
505 3696 704 3773 cautiones
727 3694 791 3773 sed
815 3713 961 3786 cautes,
992 3714 1034 3772 tu
1061 3693 1283 3773 necessarias

133 3806 327 3888 duntaxat
347 3807 564 3901 retinueris,
586 3805 678 3885 alias
695 3805 844 3900 tuleris,
862 3833 938 3885 non
954 3833 1039 3914 quae
1053 3804 1176 3886 bonos
1191 3834 1284 3885 cum

134 3920 252 4000 malis
271 3918 442 3999 eodem
429 3945 526 4027 jugo
551 3917 645 4022 subj
634 3918 776 4012 rciant;
808 3937 876 3998 aut
903 3918 1060 4026 quibus,
1084 3918 1216 3998 dum
1206 3947 1284 3998 rm-

133 4031 354 4143 proborum
374 4029 528 4111 fraudes
547 4048 824 4139 praecaventur,
848 4029 957 4159 quod
979 4030 1092 4111 bonis
1115 4031 1286 4111 liberum

133 4143 212 4224 esse
231 4143 362 4236 debet,
382 4161 549 4236 vetatur,
571 4141 635 4221 sed
655 4169 742 4249 quae
760 4143 800 4221 in
820 4142 916 4222 vitia
936 4138 1090 4222 tantitm
1107 4144 1285 4224 animad-

134 4275 303 4352 vertant,
325 4283 384 4335 res
403 4283 473 4365 per
485 4252 522 4333 se
542 4254 667 4333 licitas
687 4253 934 4333 abutentium
954 4252 1005 4333 ob
1027 4282 1186 4351 noxam,
1207 4285 1287 4336 non

165 4366 385 4449 rohibeant.
429 4368 557 4474 Leges
573 4366 681 4445 enim
701 4366 749 4445 ad
766 4364 1002 4446 sraenandam
1015 4367 1208 4448 malitiam
1226 4368 1286 4449 so-

133 4398 225 4562 lirm
241 4480 329 4561 sunt
346 4496 593 4587 comparata,
611 4478 765 4557 virtutis
783 4478 939 4558 libertas
960 4477 1165 4559 formatrix
1182 4483 1287 4590 opti-

134 4621 204 4674 ma
217 4611 336 4701 atque
347 4591 500 4671 austrix
513 4591 582 4670 est.
615 4589 771 4669 Deinde
786 4591 837 4669 fi
822 4592 1037 4697 juventutis
1053 4591 1285 4680 institutioni

133 4732 181 4787 ac
197 4704 375 4786 moribus
392 4698 535 4782 melibs
551 4703 809 4813 prospexeris,
826 4731 946 4811 quarn
963 4703 1019 4782 est
1034 4702 1163 4783 adhuc
1178 4704 1288 4814 pros-

130 4821 314 4929 pectum,
330 4842 403 4896 nec
423 4814 596 4896 dociles
580 4834 695 4922 Juxta
715 4834 832 4923 arque
849 4814 1050 4909 indociles,
1067 4842 1212 4923 gnavos
1229 4835 1288 4899 at-
