2888 5204
423 533 674 674 Delenfio
701 542 821 671 Cap.
845 542 897 664 ’5.
1162 575 1233 633 101

112 711 272 821 ragistra
296 712 380 821 ipsa
405 731 556 808 natura,
577 708 712 824 saepiirs
739 712 893 808 fecilse3
923 742 973 794 ex
999 741 1081 822 quo
1104 715 1239 822 impu·

113 824 218 919 entia
233 842 302 904 tua
318 826 576 935 predicanda,
591 846 632 907 et
646 826 865 935 turpiflima
880 826 1099 907 mentiendi
1114 826 1239 906 licen-

112 935 341 1017 'aomnibus
357 937 595 1018 innotescere
607 934 752 1017 dehinc
767 938 927 1050 poterit.
978 938 1132 1018 Primos
1148 963 1239 1016 om·

112 1047 199 1127 ium
218 1048 372 1130 inducis
391 1050 625 1159 AEgyptios3
656 1066 697 1128 et
718 1048 823 1130 certe
842 1050 931 1158 quis
958 1066 996 1128 te
1015 1077 1086 1160 per
1105 1050 1240 1129 omnia

112 1158 344 1268 Egyptizare
370 1188 450 1242 non
467 1161 624 1242 videat?
681 1160 805 1270 Apud
822 1160 886 1240 bos
909 1162 1040 1269 inquis
1062 1160 1239 1271 nusquam

112 1271 218 1383 tentio
236 1289 346 1352 extat
363 1273 478 1353 ullius
495 1273 595 1381 regis
620 1271 646 1353 d
665 1273 798 1382 populo
818 1291 891 1382 per
903 1272 1101 1379 seditiones
1119 1272 1236 1378 accpi,

112 1384 227 1463 ullum
244 1383 378 1465 bellum
395 1385 569 1478 illatum
598 1401 668 1465 aut
687 1384 881 1494 quicquam
889 1384 1047 1491 fabium
1065 1383 1092 1463 d
1104 1386 1238 1494 populo

112 1522 151 1575 to
165 1495 289 1603 &solio
306 1496 540 1603 dejiceretur.
588 1496 701 1608 Qid
716 1524 759 1575 er
788 1523 813 1575 o
829 1496 952 1577 Ofiris
966 1524 1035 1576 rex
1051 1497 1239 1608 AEgypti·

112 1634 205 1687 rum
231 1606 384 1689 fortall'e
406 1609 585 1719 primus?
615 1523 794 1688 annon{
818 1605 936 1688 fratre
962 1605 1176 1717 Typhone·
1197 1627 1239 1688 et

112 1716 229 1828 iginti
243 1721 420 1829 quinque
434 1721 519 1801 aliis
534 1719 745 1826 conjuratis
755 1719 1014 1829 interemptus
1025 1719 1110 1799 est?
1138 1746 1238 1827 quos

112 1848 124 1910 t
142 1858 291 1939 magna
308 1832 563 1961 parspopuli
583 1831 713 1912 secuta
740 1858 933 1939 magnum
961 1859 1055 1910 curn
1080 1831 1180 1911 Iside
1200 1850 1242 1912 et

112 1947 190 2038 tro,
209 1945 312 2051 regis
331 1970 514 2052 conjuge,
531 1963 571 2024 et
586 1943 670 2024 filio
688 1943 867 2054 pr'aelium
886 1943 1109 2023 commisrt?
1167 1971 1237 2023 rae·

112 2080 195 2135 ereo
214 2054 440 2136 Sesostrini
461 2054 579 2136 fratre
598 2083 669 2164 per
690 2055 844 2135 infidias
867 2052 967 2164 pene
986 1972 1235 2166 opprelldm3

112 2162 307 2247 {hemmin
322 2169 443 2248 etiam
462 2187 503 2248 et
515 2163 784 2277 Cephrenem,¹
798 2169 941 2275 quibus
959 2168 1130 2277 populus
1150 2195 1235 2247 me·

112 2276 162 2358 ito
179 2278 366 2373 infensus,
384 2307 483 2388 quos
498 2280 606 2361 vivos
623 2306 703 2359 non
724 2297 890 2388 poterat,
908 2297 1084 2358 mortuos
1104 2279 1141 2358 se
1157 2277 1236 2358 dis-

112 2409 315 2500 rupturum
334 2392 505 2472 minatus
524 2391 592 2470 est.
653 2393 739 2502 Qi
755 2417 865 2499 reges
881 2391 1061 2500 optimos'
1072 2390 1236 2469 obtrun-

112 2528 174 2582 are
185 2503 275 2583 sunt
285 2502 379 2598 ausi,
387 2502 502 2582 eosne
514 2522 627 2612 putas
638 2521 783 2583 naturae
794 2501 1034 2595 lumine,aut
1045 2500 1235 2609 religione

112 2612 218 2723 {iqua
235 2633 421 2709 retentos,
435 2611 458 2694 al
472 2614 644 2725 peffimis
660 2614 817 2721 regibus
834 2641 971 2693 manus
988 2611 1235 2693 abstinuiffe?

112 2724 156 2804 ui
169 2752 281 2834 reges
298 2746 489 2820 mortuos,
502 2744 543 2806 et
557 2745 645 2805 tum
659 2723 825 2806 demum
841 2727 1045 2819 innocuos,
1059 2723 1236 2834 sepulcro

112 2841 280 2919 ruituros
303 2837 341 2919 se
365 2837 661 2931 minitabantur,
681 2837 750 2917 ubi
769 2839 890 2917 etiam
909 2837 1139 2947 pauperculi
1164 2864 1236 2916 cu·

112 2948 222 3058 isque
243 2978 387 3060 corpus
417 2950 653 3029 inviolatum
683 2948 757 3029 effe
785 2949 895 3044 solet,
926 2948 1083 3028 vivosne
1110 2948 1170 3028 illi
1197 2965 1237 3028 et

112 3060 377 3142 ocentillimos
394 3080 554 3172 propter
570 3079 714 3141 naturae
730 3062 861 3170 legem
886 3060 1041 3169 punire,
1063 3060 1090 3139 fi
1114 3058 1236 3140 modo

112 3171 234 3253 itibus
252 3172 440 3267 valerent,
460 3175 714 3253 vererentur?
770 3173 1000 3253 Affirmares
1025 3168 1121 3265 haec,
1142 3169 1236 3267 scio,

112 3284 308 3365 uamlibet
321 3284 507 3380 absurda;
538 3305 578 3366 at
597 3286 704 3365 enirn
720 3310 796 3391 ego
817 3312 864 3364 ne
885 3284 1077 3364 affirmare
1096 3283 1237 3364 audeas

112 3396 291 3504 linguem
317 3414 356 3477 te
383 3396 559 3476 reddam.
619 3397 726 3476 Scito
745 3398 868 3505 igitur
886 3395 1021 3475 multis
1046 3392 1135 3475 ante
1156 3395 1238 3474 Ce-

112 3505 282 3588 hrenem
301 3506 438 3588 seculis
457 3506 628 3616 regnalle
654 3507 759 3617 apud
782 3506 993 3616 AEgyptios
1011 3507 1235 3599 Ammofin‚

112 3638 128 3700 t
153 3637 379 3728 tyrannum,
407 3638 453 3700 ut
470 3621 540 3728 qui
568 3617 756 3710 maxime,
776 3617 912 3698 fuiffe:
943 3646 1038 3697 eum
1057 3618 1238 3729 AEgyptii
1298 3716 1302 3723 Ι

112 3758 201 3841 rquo
230 3733 364 3812 animo
392 3731 649 3841 pertulerunt.
709 3732 898 3826 Laetaris3
941 3726 1017 3809 hoc
1047 3731 1154 3810 enim
1183 3730 1240 3810 est

112 3843 197 3949 uod
209 3844 281 3923 vis.
339 3843 396 3922 At
409 3843 562 3952 reliqua
578 3842 743 3923 audivit
756 3843 908 3952 optime
928 3859 968 3920 et
982 3842 1237 3938 veraciffime,

112 3955 377 4035 liodorienirn
388 3954 505 4035 verba
518 3954 607 4034 sunt
617 3982 704 4063 quae
719 3956 840 4035 recito
851 3949 955 4064 μέχρι
966 3947 1027 4063 μίν
1039 3989 1124 4045 τινος
1135 3949 1237 4059 inap-

112 4061 199 4173 ὅρων
215 4066 251 4148 ου’
269 4061 453 4176 lvudpuor,
472 4086 550 4147 etc.
570 4065 787 4146 tolerabant
804 4064 1033 4175 aliquandiu
1054 4066 1237 4174 oppreffi,

112 4176 183 4284 *nia
220 4177 390 4258 refistere
425 4178 708 4286 potentioribus
748 4177 858 4257 nullo
889 4176 1011 4257 modo
1045 4196 1236 4289 poterant.

112 4286 408 4403 Qamprimltm
422 4288 515 4370 veri>
530 4287 728 4370 Atlisanes
744 4288 980 4394 AEthiopum
1001 4316 1070 4369 rex
1086 4288 1239 4369 bellum

112 4429 225 4499 [erere
240 4428 335 4481 cum
348 4429 396 4481 eo
413 4402 548 4510 coepit,
566 4401 668 4480 natli
680 4400 922 4482 occafionem
935 4400 1115 4510 plerique
1128 4398 1239 4481 defe-

111 4531 244 4607 erunt,
263 4540 285 4592 e
340 4541 389 4593 ue
408 4510 521 4593 facile
541 4512 711 4608 subalto,
731 4514 926 4623 AEgyptus
942 4539 1065 4620 regno
1081 4511 1240 4591 AEthio·

112 4651 191 4705 um
216 4651 307 4705 acce
355 4643 384 4704 t.
442 4624 564 4705 Vides
596 4621 664 4705 hle
690 4627 914 4736 AEgyptios‚
940 4618 1240 4733 quarnprimirm

112 4755 286 4832 oterant,
305 4764 413 4818 arma
435 4755 571 4819 contra
596 4754 804 4846 tyrannum
828 4734 970 4828 tulilie,
988 4735 1121 4846 copias
1145 4761 1241 4817 curn
