2888 5204
383 540 624 644 Defcnsm.
663 550 783 680 Cap.
816 580 859 643 2.
1151 586 1204 667 29

46 721 98 801 de
119 723 168 802 iis
190 724 402 833 puniendis
428 724 536 803 nulla
563 724 628 803 lex
654 723 794 832 scripta
813 722 873 816 fit,
895 722 979 832 pari
997 721 1102 811 certe
1115 722 1206 828 jure

48 852 90 912 et
103 837 255 915 ratione
271 836 422 945 pollent
436 837 717 944 impunitatem
731 834 922 914 scelerum
937 836 1120 913 omnium
1137 836 1207 915 fibi

50 946 276 1040 vendicare,
295 975 418 1055 quam
440 968 573 1028 tamen
586 975 675 1055 neq;
700 975 840 1026 eorum
854 946 1051 1055 quispiam
1068 949 1208 1026 vendi-

51 1059 175 1151 cavit,
195 1087 323 1167 neque
343 1059 472 1140 ullum
491 1061 539 1139 iis
565 1059 730 1138 arbitror
750 1059 896 1137 idcirco
916 1057 990 1137 elle
1005 1058 1206 1138 daturum.

55 1169 264 1251 Hactenus
283 1198 334 1251 ex
353 1171 434 1280 ipsa
455 1172 535 1250 Dei
555 1172 643 1279 lege
662 1170 875 1249 didicimus
895 1195 1032 1276 regem
1055 1169 1210 1277 legibus

56 1280 331 1391 obtemperare
362 1282 560 1376 debuiffe3
604 1309 677 1361 nec
708 1280 744 1360 se
772 1309 850 1390 prae
878 1283 1024 1361 caeteris
1054 1282 1208 1374 efferre,

57 1395 131 1500 qui
158 1396 281 1473 etiam
309 1393 446 1475 fratres
474 1394 557 1500 ejus
586 1392 687 1473 suut.
747 1394 871 1473 Nunc
900 1420 949 1471 an
977 1394 1075 1500 quid
1103 1393 1210 1474 aliud

58 1505 309 1586 Ecclefiastes
342 1524 501 1586 moneat
528 1506 744 1586 videamus.
781 1506 883 1613 Cap.
916 1504 955 1584 8.
987 1533 1025 1586 v.
1068 1532 1101 1584 1.
1132 1525 1209 1584 etc.

59 1616 291 1697 Mandatum
304 1618 405 1724 regis
415 1616 567 1725 observa
579 1648 594 1711 ,·
623 1618 689 1696 vel
689 1634 847 1725 propter
847 1614 1105 1721 juramentum
1119 1616 1211 1710 Dei,

59 1756 106 1809 ne
116 1728 345 1836 perturbat>
362 1728 388 1809 ἃ
392 1728 504 1839 facie
517 1727 596 1834 ejus
605 1728 719 1820 abito,
731 1757 776 1808 ne
788 1728 967 1836 perfistito
980 1727 1018 1807 in
1037 1758 1079 1807 re
1096 1719 1212 1822 thala,

60 1869 149 1919 nam
167 1840 343 1951 quicquid
361 1838 620 1948 voletfaciet;
655 1839 729 1919 Ubi
750 1837 905 1918 verbum
922 1840 1035 1946 regis,
1060 1839 1114 1921 ibi
1127 1842 1213 1920 Do-

61 1951 231 2047 minatio,
260 1970 297 2032 et
326 1952 536 2062 quisdicat
568 1951 605 2032 ei
632 1949 724 2061 quid
737 1950 878 2059 facis?
936 1953 1034 2031 Satis
1067 1952 1215 2032 constat

63 2063 340 2144 Ecclefiastem
366 2062 443 2144 hoc
468 2065 510 2142 in
534 2065 622 2143 loco
649 2090 728 2142 non
757 2062 934 2170 synedrio
954 2092 1114 2171 magno,
1135 2091 1215 2142 non

62 2174 230 2270 senatui,
246 2176 310 2255 sed
324 2176 474 2284 privato
491 2177 596 2283 cuiq;
614 2196 805 2285 praecepta
824 2175 929 2254 dare.
961 2175 1083 2279 Jubet
1102 2203 1216 2254 man-

65 2287 157 2367 data
177 2287 243 2367 sua
261 2287 477 2382 observare,
498 2288 561 2367 vel
581 2307 742 2396 propter
755 2286 1028 2392 juramentum
1048 2288 1148 2380 Dei;
1176 2306 1216 2365 at

65 2400 157 2506 quis
167 2399 275 2504 jurat
290 2401 389 2506 regi,
404 2399 472 2479 nili
488 2427 559 2478 rex
572 2399 738 2478 viciffim
752 2400 794 2477 in
809 2398 916 2505 leges
935 2398 1085 2478 divinas
1101 2418 1219 2505 atque

67 2512 213 2619 patrias
232 2511 387 2618 juratus
418 2511 489 2590 fit?
524 2513 589 2590 Sic
615 2509 848 2590 Reubenitae
877 2529 918 2589 et
946 2510 1098 2589 Gaditae
1123 2509 1219 2588 obe-

67 2622 262 2703 dientiam
282 2622 392 2701 suam
411 2619 591 2725 Jehosuae
610 2622 860 2731 pollicentur,
884 2621 966 2726 Jos.
994 2649 1029 2701 1.
1056 2624 1107 2702 Ut
1125 2621 1220 2702 dallo

65 2733 258 2815 audientes
275 2733 377 2840 Maſs
385 2733 551 2841 suimus,
574 2735 631 2814 ita
650 2733 785 2813 erimus
810 2731 893 2827 tibi,
918 2733 1017 2814 model
1041 2754 1084 2814 ut
1114 2736 1222 2814 Deus

68 2864 190 2926 tecum
186 2845 261 2952 stt,
272 2843 563 2955 quemadmodum
562 2844 653 2955 suit
664 2874 745 2924 cum
762 2843 877 2952 Mose.
938 2847 1222 2925 Conditionem

69 2958 181 3037 vides
200 2955 442 3066 expreffam3
472 2957 666 3065 Alioquin
686 2956 815 3066 ipsum
834 2955 926 3035 audi
950 2958 1221 3050 Ecclesrasten,

69 3097 161 3178 cap.
182 3097 225 3176 9,
248 3068 373 3149 Verba
380 3068 594 3177 sapientum
604 3067 735 3174 stcbmi
758 3099 782 3146 a
794 3066 921 3175 potiris
943 3068 1123 3150 audienda
1142 3069 1222 3179 effe,

70 3180 184 3291 qudm
203 3180 395 3261 clamorem
413 3179 632 3261 dominantis
650 3180 749 3260 inter
753 3178 917 3288 stolidos.
979 3183 1090 3287 Quid
1134 3179 1224 3260 orrh

74 3294 239 3372 monet?
296 3294 361 3372 Ne
371 3292 552 3401 perſsstito
571 3291 610 3371 in
636 3320 678 3370 re
696 3293 811 3384 mala,
830 3321 916 3371 nam
940 3211 1226 3403 quicquisvolet

58 3404 206 3512 faciet,
220 3405 262 3482 in
276 3405 401 3483 malos
416 3405 609 3483 nimirum
624 3401 742 3482 faciet
757 3401 993 3483 authoritate
1012 3405 1148 3512 legum
1163 3433 1227 3484 ar-

76 3535 224 3610 matus,
237 3543 331 3595 nam
343 3516 498 3609 leniter,
511 3535 579 3595 aut
599 3512 727 3593 severi
743 3542 873 3623 agere,
887 3534 1005 3624 prout
1018 3516 1138 3608 volet,
1153 3545 1227 3625 po-

76 3627 164 3707 test.
224 3624 344 3707 Nihil
369 3625 436 3706 hic
463 3628 711 3735 tyrannicum
739 3625 859 3721 sonat,
894 3625 995 3705 nihil
1030 3628 1135 3735 quod
1166 3628 1227 3707 vir

76 3739 205 3819 bonus
225 3738 467 3819 extimescat.
531 3737 605 3819 Ubi
616 3737 771 3816 verbum
790 3737 890 3843 regis
907 3737 963 3819 ibi
973 3737 1180 3834 dominatio,
1192 3759 1230 3820 et

76 3851 161 3961 quis
177 3849 279 3931 dicat
297 3850 335 3931 ei
348 3849 439 3959 quid
439 3849 583 3957 facis?
641 3851 696 3928 Et
715 3867 846 3928 tamen
865 3850 1036 3959 legimus
1054 3852 1125 3959 qui
1145 3853 1229 3959 regi

77 3962 226 4043 dixerit
244 3989 323 4041 non
342 3959 470 4041 solum
488 3963 585 4070 quid
598 3959 738 4053 fecisti,
751 3960 813 4039 sed
827 3962 948 4042 etiam
962 3961 1075 4042 stulte
1088 3963 1227 4044 fecisti.

79 4077 189 4154 Sam.
209 4098 273 4180 13.
331 4074 389 4152 At
409 4073 567 4153 Samuel
593 4073 935 4154 extraordinarius.
992 4077 1134 4154 Tuum
1157 4077 1230 4155 tibi

79 4211 234 4293 regern,
254 4184 348 4264 licet
373 4181 474 4263 iufra
497 4186 650 4265 dietum
674 4213 766 4293 pag.
788 4211 856 4288 49.
878 4185 979 4293 quid,
1000 4187 1145 4295 inquis,
1165 4217 1231 4267 ex·

78 4294 376 4376 traordinarium
394 4295 433 4375 in
452 4297 564 4377 Saule
582 4312 619 4376 et
638 4294 826 4375 Davide?
855 4297 995 4377 itidem
1012 4326 1102 4405 ego,
1117 4301 1230 4407 quid,

79 4410 261 4516 inquam,
285 4409 326 4486 in
357 4409 565 4488 Samuele?
623 4405 819 4516 Propheta
848 4404 949 4488 fuit:
985 4409 1138 4490 suntet
1172 4413 1236 4501 illi

79 4519 217 4612 hodie,
235 4520 308 4627 qui
326 4518 407 4623 ejus
426 4519 613 4628 exemplo
634 4517 806 4613 faciunt;
837 4546 888 4597 ex
908 4521 1107 4600 voluntate
1123 4523 1231 4600 enim

80 4631 163 4712 Dei
187 4630 252 4710 vel
275 4630 441 4741 expreffd
466 4632 529 4711 vel
555 4630 677 4711 tacitd
700 4649 846 4737 agunt:
878 4631 981 4738 quod
1009 4634 1130 4712 etiam
1153 4633 1235 4741 ipse

75 4738 185 4825 infrd
209 4743 407 4839 concedis,
435 4768 527 4854 pag.
563 4767 631 4852 50.
692 4742 908 4824 Prudenter
940 4743 1064 4851 igitur
1093 4742 1234 4824 Eccle-
