2888 5204
143 207 223 286 324
417 173 508 263 Pro
534 164 720 298 Populo
747 162 1017 294 Anglicano

142 343 337 423 auxilium
353 363 500 454 petere,
516 343 648 422 eidem
662 341 832 449 gloriam
855 341 1027 421 tribuere
1049 365 1211 419 omnem
1223 365 1271 417 re·

144 484 235 535 rum
260 455 441 566 prospere
460 456 658 563 gestarum
677 453 971 548 consueverint3
995 450 1168 557 justitiae,
1185 448 1274 559 qubd

144 569 265 648 etiarn
284 595 420 675 regem
440 569 481 647 in
494 567 693 673 judicium
711 566 960 658 adduxerint,
981 565 1170 644 damnato
1188 561 1276 671 parci

144 681 366 775 noluerint;
387 679 682 772 moderationis,
694 678 801 786 quod
814 696 855 758 et
865 705 953 757 earn
965 679 1123 786 experti
1131 676 1215 782 jam
1223 676 1278 755 diu

146 790 295 885 sumus,
315 812 370 887 et,
389 821 511 900 quam
530 791 601 900 ipfi
621 791 692 869 fibi
711 818 897 900 peperere
921 817 1079 899 pacem,
1103 789 1133 867 fi
1154 814 1280 867 eorun-

147 905 241 983 dem
260 933 331 1013 per
350 905 534 1009 injuriam
554 923 774 1010 rumpatur,
799 930 887 1010 quae
909 902 1013 981 mala
1035 901 1130 981 inde
1153 902 1282 980 oritura

146 1014 249 1111 sunt,
267 1016 338 1125 ipsi
353 1017 474 1128 primi
492 1017 565 1096 sint
576 1014 805 1124 persensuri‚
819 1013 890 1123 ipsi
905 1014 1034 1123 prima
1047 1014 1211 1092 vulnera
1224 1011 1283 1091 suit

148 1128 377 1237 corporibus
389 1130 610 1236 excepturi,
627 1128 755 1235 deque
771 1125 846 1205 suis
859 1126 1044 1205 omnibus
1060 1123 1230 1205 fortunis
1238 1142 1284 1203 at·

149 1268 227 1348 que
242 1241 481 1320 ornamentis
498 1237 665 1319 feliciter
676 1240 761 1347 jam
775 1239 895 1347 partis
910 1236 1037 1317 rursus
1053 1235 1283 1327 dimicaturi,

149 1349 391 1433 fortitudinis
410 1353 595 1460 denique,
616 1353 725 1460 quod
748 1351 848 1430 nulli
875 1377 1053 1457 unquam
1079 1349 1285 1429 libertatern

150 1461 305 1544 feliciirs
324 1484 392 1544 aut
408 1461 548 1544 sortiirs
565 1465 904 1573 recuperaverint;
925 1490 973 1541 ne
985 1463 1227 1542 arbitremur
1238 1456 1286 1538 ul·

150 1575 208 1654 los
220 1576 315 1655 alios
328 1575 433 1685 posse
447 1571 677 1683 diligentiis
692 1574 929 1656 conservare.
960 1574 1096 1654 Gestit
1106 1575 1287 1654 claromn

151 1686 327 1766 virorum
349 1688 511 1767 nomina
533 1715 846 1768 commemorare
865 1687 990 1766 oratio
1011 1714 1128 1766 mea:
1160 1706 1200 1766 te
1221 1682 1287 1794 pri-

152 1826 282 1891 mum,
300 1798 509 1894 Fletubde,
528 1828 650 1908 quem
670 1828 746 1907 ego
765 1799 815 1879 ab
833 1798 923 1908 ipsis
943 1799 1147 1906 tyrociniis
1166 1796 1216 1876 ad
1232 1793 1288 1874 ho

152 1909 274 2019 usque
296 1912 447 1992 militiae
471 1911 654 2006 honores,
677 1940 776 2020 quos
800 1938 905 1991 nunc
924 1909 1078 1990 obtines
1100 1905 1288 1990 isumus

152 2017 1287 2132 proximos,humanitate,mansuetudine,benignitateani·

68 2159 76 2177 ·
154 2137 212 2216 mi
228 2138 400 2217 eundem
415 2140 530 2230 novi;
552 2136 673 2216 hostis
685 2136 831 2218 sortem
846 2155 885 2215 et
900 2124 1288 2244 imperterrimin,setl

154 2266 194 2329 et
205 2249 455 2329 mitissimum
466 2276 624 2357 quoque
636 2250 826 2328 victorem
838 2246 970 2327 sensu:
991 2244 1289 2340 Te,Lambertt‚

154 2361 225 2466 qui
239 2362 309 2439 vix
325 2362 489 2441 modicae
508 2361 591 2440 dux
612 2388 766 2453 manus,
783 2361 927 2440 ducem
940 2356 1289 2462 Hamiltonumju·

154 2472 277 2566 venis,
285 2475 404 2552 totius
417 2473 800 2579 Scoticaejuventutis
812 2471 906 2551 flore
919 2499 963 2551 ac
978 2471 1119 2551 robore
1131 2472 1290 2552 circum·

157 2581 326 2691 septum,
354 2602 394 2664 et
421 2585 739 2694 progredientem
763 2583 975 2676 retardasti,
998 2601 1039 2662 et
1065 2583 1291 2662 retardatum

157 2692 390 2774 sustinuisti:
422 2699 500 2790 Te,
520 2695 736 2790 Delboroe,
750 2698 828 2790 Te,
847 2696 1008 2787 Hualei,
1029 2696 1101 2802 qui
1119 2690 1292 2774 atrociffi·

158 2833 241 2886 mas
256 2804 371 2913 hujus
385 2806 481 2887 belli
497 2837 648 2917 pugnas
667 2808 729 2887 vel
750 2809 924 2888 audienti
943 2806 1045 2887 mihi
1064 2807 1129 2886 vel
1144 2804 1292 2915 legenti,

158 2918 259 2999 inter
275 2916 403 2999 hostes
422 2919 721 3000 confertissimos
739 2921 933 3030 expediati
950 2918 1104 3028 semper
1119 2914 1294 2998 occurris·

158 3030 232 3111 tis:
263 3032 341 3125 Te,
361 3034 576 3124 Overtone,
592 3030 694 3111 mihi
714 3034 848 3111 multis
865 3031 1009 3110 abhinc
1024 3033 1151 3126 annis,
1169 3051 1211 3111 et
1228 3031 1294 3110 stu-

158 3142 317 3223 diorum
336 3143 606 3238 similitudine,
632 3165 672 3223 et
694 3172 853 3223 morum
875 3142 1074 3235 suavitate,
1099 3139 1296 3224 concordii
1323 3134 1325 3143 ’

158 3255 366 3363 plusquam
402 3253 570 3335 fraterni
607 3249 942 3361 conjunetislime;
975 3274 1014 3336 te
1047 3252 1295 3339 Marstonenl

159 3368 292 3474 praelio
321 3369 391 3447 illo
419 3368 683 3460 memorabili,
708 3367 820 3477 pulso
844 3368 991 3447 finistro
1013 3395 1139 3448 cornu
1168 3367 1295 3455 nostro.

160 3478 417 3587 respectantes
433 3480 474 3557 in
489 3479 583 3586 fuga
600 3479 718 3559 duces
735 3480 901 3560 stantem
914 3508 1008 3559 cum
1024 3499 1094 3559 tuo
1111 3481 1257 3590 pedite,
1267 3491 1297 3556 et

159 3584 331 3669 hostium
353 3593 524 3700 impetus
541 3591 832 3700 propulsantem
853 3593 955 3671 inter
973 3590 1107 3671 densas
1128 3593 1298 3698 utrinque

161 3701 282 3780 caedes
318 3704 474 3782 viddre:
526 3705 680 3783 Scotico
716 3704 858 3783 deinde
892 3702 1013 3797 bello,
1054 3723 1099 3783 ut
1136 3707 1299 3814 primum

162 3812 381 3892 Cromvelli
401 3815 597 3923 auspiciis,
616 3835 683 3895 tuo
699 3834 824 3895 marte
845 3835 1035 3925 occupata
1048 3817 1082 3895 F
1083 3814 1149 3896 ifae
1168 3816 1299 3920 littora,

160 3940 200 4001 et
220 3923 434 4031 patesastus
455 3927 555 4006 ultra
575 3929 804 4006 Sterlinium
819 3929 947 4007 aditus
966 3927 1036 4020 est,
1058 3947 1096 4008 te
1118 3930 1227 4009 Scoti
1244 3951 1300 4006 oc-

159 4036 385 4129 cidentales,
421 4056 458 4116 te
495 4039 675 4119 Boreales
706 4038 1031 4120 humaniffimum
1065 4038 1236 4135 hostem,
1268 4054 1299 4114 te

163 4150 335 4227 Orcades
358 4169 542 4231 extremae
570 4152 810 4232 domitorem
840 4151 1026 4232 fatentur.
1087 4152 1249 4257 Addam
1270 4163 1302 4225 et

159 4260 382 4356 nonnullos,
404 4290 502 4369 quos
525 4263 615 4371 rogi
634 4264 806 4345 celebres
825 4284 865 4343 et
881 4265 986 4373 pacis
1006 4263 1174 4358 artibus,
1190 4258 1302 4344 confi·

159 4371 289 4452 liarios
311 4374 383 4453 tibi
399 4376 606 4471 advocasti,
619 4377 683 4456 vel
700 4376 875 4458 amicitis
891 4376 955 4456 vel
970 4374 1078 4457 fami
1096 4377 1205 4459 mihi
1221 4398 1304 4479 cog·
