2888 5204
384 583 624 688 Defenfio.
661 594 779 724 Cap.
809 597 856 688 6.
1125 630 1203 716 123

124 762 246 846 ditum
263 764 334 846 libi
345 763 543 876 regnumd
556 766 706 878 populo
718 768 913 877 accipere:
935 767 1079 876 quibus
1096 768 1207 849 firex

124 903 137 955 ι
153 876 320 973 steterit,
343 904 416 960 cur
432 878 501 958 illa
519 880 698 988 potestas,
725 906 812 988 quae
831 880 1033 960 fiduciaria
1052 877 1207 963 tantum

124 1006 146 1082 t,
161 989 213 1068 ad
229 991 426 1100 populum
441 990 566 1070 redire
581 1019 659 1072 non
675 991 829 1085 debeat,
846 988 962 1072 tami
976 1016 1068 1099 rege
1084 989 1207 1100 quim

124 1099 265 1195 unsule,
281 1103 345 1182 vel
363 1102 411 1182 ab
427 1103 505 1183 alio
520 1104 660 1211 quovis
675 1102 918 1212 magistratu,
934 1121 978 1182 tu
996 1105 1119 1183 velim
1134 1103 1207 1184 do·

124 1238 158 1291 s:
175 1238 271 1292 nam
283 1211 391 1322 quod
391 1213 556 1321 salutem
566 1213 709 1324 reipub.
721 1215 763 1296 id
771 1214 826 1295 ais
831 1215 1029 1324 postulare,
1042 1216 1207 1322 ineptias

123 1323 153 1403 is
167 1350 179 1414 3
200 1351 295 1404 cum
307 1325 438 1405 salutis
452 1326 552 1407 ratio
567 1327 705 1407 eadem
719 1324 884 1406 omnino
900 1325 960 1421 fit,
977 1323 1085 1406 lived
1101 1352 1208 1434 rege,

124 1435 194 1514 tab
209 1435 482 1545 optimatibus,
498 1438 574 1519 five
590 1435 612 1517 ὲ
631 1438 846 1519 triumviris
863 1438 921 1516 im
951 1439 1032 1518 erio
1046 1436 1117 1518 fibi
1129 1457 1208 1518 tra-

124 1573 139 1625 >
163 1568 375 1657 perperam
398 1548 598 1630 utentibus
616 1550 775 1659 potestas
797 1548 865 1630 illa
883 1465 1127 1658 adpopulum
1145 1578 1208 1629 re-

124 1674 266 1750 tatur3
295 1660 400 1770 polle
419 1678 553 1741 autem
567 1658 590 1741 a
604 1659 894 1769 magistratibus
909 1659 1208 1769 quibuscunque

124 1786 314 1879 terquam
329 1769 352 1852 a
367 1798 459 1880 rege
474 1770 556 1852 solo
571 1774 619 1854 ad
639 1773 835 1883 populum
851 1772 994 1852 reverti
1013 1768 1093 1881 ipse
1110 1798 1207 1852 con-

124 1881 175 1962 is.
236 1881 335 1963 Sane
355 1884 383 1963 fi
401 1911 530 1992 neque
546 1884 645 1992 regi,
661 1912 789 1993 neque
809 1883 899 1964 ullis
918 1882 1208 1991 magistratibus

124 1992 274 2101 serium
293 1995 335 2073 in
354 1993 391 2074 se
410 1996 581 2106 populus
600 1997 743 2076 mentis
762 2022 925 2105 compos
945 1995 1111 2090 dederit,
1136 1997 1208 2077 nifi

124 2105 334 2187 tummodo
353 2108 578 2189 communis
597 2109 780 2188 omnium
798 2106 929 2188 salutis
950 2107 1078 2203 causa,
1106 2107 1208 2189 nihil

124 2215 208 2296 lare
232 2218 359 2326 potest
379 2246 460 2327 quo
479 2214 612 2301 minus
631 2218 683 2299 ob
706 2214 836 2299 causas
858 2215 974 2328 plane
998 2221 1208 2301 contrarias

124 2326 305 2410 interitus
323 2330 505 2411 omnium
524 2331 718 2439 sequatur,
737 2328 844 2410 haud
859 2331 966 2412 secus
985 2331 1070 2437 regi
1085 2328 1208 2438 quim

124 2466 143 2519 s
174 2440 479 2548 magistratibus,
510 2442 617 2551 quod
648 2442 756 2522 dedit
786 2443 1002 2553 imperium
1033 2441 1207 2524 adimere

124 2548 196 2631 lit:
227 2552 325 2660 quid
343 2552 451 2661 qudd
470 2556 541 2633 uni
559 2555 678 2633 etiam
703 2550 857 2634 facilius
880 2551 1000 2662 quim
1028 2551 1207 2662 pluribus

124 2665 275 2744 merit?
295 2682 335 2744 et
357 2665 589 2775 potestatem
608 2667 649 2744 in
670 2660 708 2744 se
730 2665 937 2775 plusquam
964 2664 1208 2745 fiduciariam

124 2800 246 2882 quam
275 2777 504 2856 mortalium
534 2777 683 2857 tradere
711 2776 874 2856 summae
901 2776 993 2857 esset
1023 2777 1205 2858 insania:

124 2913 185 2994 [ue
204 2886 392 2968 credibile
415 2888 472 2968 est
495 2887 626 2968 ullum
648 2886 697 2967 ab
717 2888 811 2969 orbe
831 2906 1024 2968 terrarum
1048 2890 1207 2970 condito

124 2997 269 3092 nulum,
282 3000 353 3107 qui
375 3000 540 3108 quidem
562 3000 636 3080 suae
651 2999 799 3109 spontis
819 2999 925 3092 effet,
950 2998 1048 3080 adeo
1068 3001 1207 3083 misere

124 3108 277 3219 ipuiffe,
304 3129 350 3190 ut
374 3112 436 3191 vel
460 3134 624 3192 omnem
649 3112 802 3221 prorsus
830 3110 1064 3220 potestatem
1089 3111 1138 3191 ab
1168 3112 1206 3192 se

124 3241 260 3316 naret,
272 3242 340 3303 aut
350 3222 426 3304 suis
441 3222 730 3332 magistratibus
742 3221 1007 3304 concreditam
1023 3222 1100 3302 fine
1112 3248 1207 3302 cau-

124 3333 1208 3555 {lltlffnillssslffitltullldclrlllll:

124 3557 256 3638 ninde
275 3559 399 3638 oritur
421 3559 528 3639 illius
554 3559 752 3668 potestatis
778 3586 849 3669 per
873 3559 958 3639 vim
983 3559 1206 3652 retinendae,

124 3669 828 3892 fflsslllilllllltlitlssln
840 3668 1208 3889 lutulfus:

124 3917 157 3970 n
185 3891 252 3986 est,
282 3893 468 4003 quodque
494 3921 566 3975 nos
592 3920 671 3975 non
698 3918 903 4002 negamus,
932 3895 1109 3973 rederent
1138 3920 1208 3973 non

124 4001 172 4083 ile
182 4004 397 4085 mutandum
409 4004 501 4115 effi:
522 4031 724 4114 nunquam
739 4030 834 4112 ergo
849 4022 917 4084 aut
932 4002 1040 4084 nulla
1054 4004 1208 4113 prorsus

124 4115 251 4210 eausa,
264 4115 376 4196 nullo
390 4118 512 4198 modo
523 4118 722 4226 sequitur:
744 4142 872 4224 neque
887 4134 931 4195 tu
946 4113 1075 4196 adhuc
1094 4117 1209 4224 quic-

124 4252 182 4306 um
192 4227 380 4336 allegasti,
389 4230 587 4337 nequejus
602 4230 730 4310 ullum
744 4230 846 4336 regis
858 4227 1117 4417 expromsrsti,
1127 4255 1208 4337 quo

124 4332 315 4420 nltsliceat
323 4340 579 4421 consentienti
590 4340 754 4452 populo,
762 4365 898 4448 regem
937 4339 1015 4418 aud
1023 4338 1212 4420 idoneum

124 4476 182 4550 ‚no
201 4452 374 4561 privare3
395 4453 588 4560 fiquidem
603 4454 658 4547 id,
672 4453 780 4561 quod
799 4452 920 4532 etiam
939 4450 981 4530 in
996 4450 1127 4531 Gallia
1142 4470 1209 4531 tua

124 4560 195 4644 tius
208 4561 360 4645 fastum
375 4564 445 4657 est,
473 4565 551 4645 line'
575 4565 750 4645 tumultu
777 4590 824 4644 ac
851 4562 961 4643 civili
988 4561 1094 4643 bello
1122 4561 1209 4641 fieri

124 4675 188 4757 lit.
248 4677 364 4760 Cum
373 4677 505 4785 itaque
521 4676 619 4757 salus
634 4676 774 4786 populi
793 4675 973 4785 suprema
986 4672 1054 4752 lex
1070 4674 1115 4753 fit
1129 4698 1209 4751 non

124 4816 157 4870 u
169 4789 340 4898 tymnni,
355 4816 400 4870 ac
417 4789 580 4900 proinde
596 4789 745 4898 populo
765 4788 806 4867 in
826 4805 1036 4895 tyrannum
1052 4809 1129 4864 non
1146 4800 1210 4892 ty-
