2888 5204
144 174 226 273 406
379 153 605 252 Authoris
634 192 720 288 pro
744 153 787 250 se
814 151 1057 252 Defensio.
1324 45 1343 307 1

146 355 186 415 et
201 337 242 417 in
255 337 428 417 Ecclesia
443 336 638 415 redivivos
652 336 805 417 collatis
818 336 959 443 elogiis
972 335 1198 429 laudamur,

148 444 373 529 feffionibus
392 466 432 529 et
452 447 654 557 stipendiis
676 467 718 527 et
740 446 951 541 cathedris,
971 363 1291 556 incomprabilis

147 559 382 640 videlicetet
396 560 636 639 dostiffimos
649 578 689 638 et
705 558 956 640 sanstiffimos
966 561 1088 652 viros,
1101 586 1291 639 ornamur.

148 670 214 750 Ad
233 671 436 752 censuram
456 671 484 750 fi
504 669 607 751 sorte
626 690 791 750 ventum
809 671 879 764 est,
900 672 995 751 ficui
1014 669 1118 751 forte
1139 670 1292 779 persona

148 802 189 862 et
201 781 367 890 speciosa
381 782 494 891 pellis
506 781 741 874 detrahitur,
754 783 783 861 fi
795 785 920 892 turpis
934 782 1163 876 introrsum,
1176 781 1294 861 immb

150 892 243 973 verb
263 894 290 973 fi
310 893 441 1002 palam
461 914 580 1003 atque
594 893 728 1002 aperti
747 893 986 975 facinorosus
1004 896 1200 1001 arguitur,
1217 894 1295 972 sunt

150 1003 528 1197 lllllllllll
546 1005 1296 1226 llbllbll‘lbqllfflil·

146 1229 319 1311 verfione
337 1229 469 1309 debita
488 1248 681 1311 notatum.
740 1230 837 1308 Mea
864 1228 914 1308 ab
940 1228 1003 1308 his
1030 1228 1174 1322 fateor,
1195 1229 1293 1338 quod
1338 1256 1340 1279 ¹

147 1341 354 1450 aliquoties
381 1370 440 1422 res
467 1340 548 1448 ipsa
568 1342 654 1447 jam
679 1341 831 1434 docuit,
851 1341 939 1421 satis
968 1340 1088 1449 longe
1106 1341 1295 1447 disjuncta

150 1455 249 1533 ratio
268 1453 352 1533 est:
383 1473 429 1532 ut
448 1452 572 1561 srquid
592 1451 813 1533 adolescens
832 1455 873 1532 in
900 1453 971 1533 illo
993 1454 1077 1532 otio
1097 1452 1296 1533 literarum

149 1564 212 1643 vel
226 1565 429 1672 preceptis
444 1564 654 1643 doctorum
664 1564 728 1643 vel
741 1566 841 1644 meis
855 1563 1200 1645 lucubrationibus
1211 1590 1297 1675 pro·

150 1670 243 1768 feci,
264 1673 305 1753 id
317 1703 437 1755 omne
449 1675 497 1755 ad
513 1674 629 1756 usum
642 1678 731 1755 vitae
741 1674 971 1785 generisque
982 1673 1166 1770 humani,
1178 1674 1298 1785 liquid

150 1804 232 1865 tam
251 1784 327 1867 late
347 1787 510 1896 possem,
531 1814 604 1897 pro
630 1786 787 1867 infirma
813 1808 923 1897 parre
950 1814 1038 1867 mea
1064 1784 1297 1868 conferrem.

150 1898 273 2007 Qod
298 1898 326 1978 fi
352 1900 473 1979 etiam
499 1927 550 1979 ex
579 1900 741 2008 privatis
771 1926 1055 2008 nonnunquam
1082 1900 1299 1980 inimicitiis

150 2008 292 2090 delicta
312 2010 469 2119 publica
487 2012 746 2090 animadverti
764 2031 805 2091 et
822 2011 918 2121 sape
937 2013 1083 2119 corrigi
1103 2012 1244 2105 solent,
1264 2028 1300 2091 et

150 2122 413 2203 adversarium
437 2149 542 2203 nunc
568 2151 648 2203 non
674 2122 796 2203 modb
823 2152 975 2218 meum,
995 2122 1059 2203 sed
1084 2123 1192 2234 pene
1216 2152 1300 2204 om·

152 2235 265 2314 nium
297 2262 569 2328 communem,
602 2234 809 2315 hominem
839 2235 1050 2328 nefarium,
1085 2234 1302 2316 reformata

152 2347 354 2454 religionis
373 2367 413 2426 et
433 2347 526 2427 sacri
553 2345 730 2427 maxime
749 2347 896 2427 ordinis
915 2345 1193 2456 opprobrium,
1215 2347 1301 2428 lite·

152 2478 326 2537 ratorum
347 2458 492 2552 labem,
506 2458 727 2565 juventutis
746 2459 1114 2568 pemiciofiffimum
1131 2486 1301 2569 praecep-

154 2586 294 2663 torem,
325 2569 581 2650 immundum
608 2572 650 2651 in
680 2570 792 2651 sacris
812 2570 1082 2665 Ecclefiasten,
1113 2572 1302 2681 impulsus

153 2681 338 2760 omnibus
360 2681 480 2762 causls
503 2682 710 2787 justissimi
729 2684 1017 2792 vituperatione
1043 2683 1301 2792 prosequutus

153 2790 254 2887 sum,
286 2819 333 2873 eo
365 2791 487 2872 necne
514 2822 610 2875 cum
638 2794 784 2884 sruslu,
804 2823 885 2903 quo
915 2813 1109 2905 oporteat,
1134 2797 1303 2875 viderint

154 2903 226 2997 illi,
247 2932 419 3013 quorum
445 2903 690 3013 potiffimiim
717 2906 875 2986 interest
900 2907 1133 3016 exemplum
1161 2909 1205 2986 in
1235 2909 1303 2987 islo

155 3017 284 3110 edere,
306 3045 371 3096 me
391 3017 555 3127 quidem
580 3017 690 3126 spero
716 3017 804 3123 (cur
827 3020 936 3098 enim
962 3019 1142 3098 diffidam
1156 3021 1190 3124 l)
1222 3048 1302 3100 rem

154 3156 282 3237 neque
313 3130 406 3209 Deo
437 3129 646 3236 ingratam,
679 3157 806 3237 neque
834 3131 1014 3211 Ecclefiae
1051 3129 1302 3225 insalubrem,

154 3268 282 3350 neque
305 3241 549 3351 Reipublicae
570 3241 752 3322 inutilem
771 3242 993 3352 prestitisse.
