2888 5204
144 202 221 257 100
424 166 515 258 Pro
541 159 725 295 Populo
752 156 1020 291 Anglicano

141 339 168 419 fi
185 357 321 420 natura
337 367 406 419 nos
427 339 543 419 docet
554 337 735 446 quamvis
753 335 907 446 pessimi
923 336 1027 442 regis
1042 334 1294 416 dominatum

59 532 67 542 ,
141 448 273 559 potilts
288 451 385 561 pati,
404 448 526 559 quam
546 448 868 559 inrecuperanda
885 446 1079 541 libertate,
1099 446 1294 557 plurimo-

142 590 233 642 rum
251 563 402 643 civium
421 561 584 643 salutem
609 563 650 641 in
675 560 885 642 discrimen
903 559 1115 654 adducere,
1137 558 1296 639 doceret

142 673 280 754 eadem
293 702 371 753 non
387 702 523 783 regem
539 671 666 756 solum
681 671 868 782 perferre,
881 699 1001 780 quem
1018 690 1154 772 tamen
1170 669 1294 752 solum

143 785 421 894 perferendum
432 786 506 866 effe
521 785 740 879 contendis,
757 784 820 865 sed
836 784 1110 895 optimatium,
1122 781 1190 863 sed
1201 809 1293 892 pau·

142 924 461 1007 eorumquoque
479 898 721 1008 potentiam3
751 898 950 978 latronum
969 897 1092 976 etiam
1112 920 1292 975 nonnun-

145 1028 318 1114 quamet
332 1009 530 1091 servorum
544 1009 822 1110 rebellantium
834 1009 1148 1089 multitudinem.
1199 1007 1293 1087 Non

148 1120 311 1202 Fulvius
330 1141 398 1202 aut
414 1122 600 1233 Rupilius
618 1120 770 1202 bellum
790 1121 924 1201 servile
943 1120 1030 1230 post
1048 1118 1164 1200 caesos
1183 1145 1293 1199 exer·

125 1294 130 1303 .
147 1233 248 1315 citus
267 1235 480 1344 praetorios,
498 1262 578 1314 non
591 1232 745 1314 Crassus
760 1232 803 1311 in
818 1234 1050 1342 Spartacum
1065 1231 1155 1341 post
1170 1230 1294 1312 deleta

146 1345 411 1428 consularium
428 1345 562 1440 castra,
582 1373 662 1425 non
677 1345 892 1454 Pompeius
911 1344 960 1425 ad
980 1343 1195 1454 piraticum
1212 1341 1292 1424 bel·

148 1455 234 1538 lum
254 1458 419 1539 exiisset.
479 1458 654 1538 Romani
673 1457 739 1538 vel
761 1457 892 1552 servis,
912 1456 977 1537 vel
1000 1455 1152 1567 piratis,
1173 1483 1224 1536 ne
1241 1470 1296 1535 tot

148 1569 298 1648 civium
314 1566 468 1679 sanguis
484 1569 766 1663 effunderetur,
784 1567 965 1650 hortante
982 1568 1130 1649 scilicet
1145 1567 1293 1659 naturl,

149 1679 444 1762 succubuissent.
504 1684 621 1762 Hunc
645 1682 779 1790 itaque
793 1680 956 1790 stefiem,
980 1698 1049 1762 aut
1071 1677 1294 1786 hujusmodi

150 1792 280 1872 ullum
289 1793 462 1900 gentibus
475 1792 672 1904 impreffiffl
687 1812 879 1886 naturam,
892 1792 1085 1901 nusquam
1102 1790 1293 1872 ostendit:

150 1921 341 2001 ettamen
361 1934 440 1987 non
463 1905 602 1986 definis
622 1902 724 1985 male
745 1905 929 1999 ominari,
948 1924 989 1985 et
1001 1904 1221 1985 vindictam
1238 1904 1293 1985 di·

149 2015 299 2112 vinam,
319 2046 441 2126 quam
466 2019 506 2097 in
535 2035 572 2097 te
599 2044 792 2124 augurem
819 2017 956 2125 tuique
982 2016 1127 2097 fimiles
1153 2033 1297 2098 avertat

150 2128 278 2225 Deus,
293 2130 406 2210 nobis
425 2129 677 2224 denuntiare;
708 2130 779 2237 qui
798 2130 960 2208 nomine
977 2147 1133 2209 tautum
1147 2155 1296 2238 regem,

150 2267 192 2320 re
207 2239 361 2323 hostem
377 2240 666 2322 acerbiffimum
684 2240 817 2321 debito
834 2240 1028 2352 supplicio
1047 2241 1123 2321 ulti
1141 2238 1296 2335 sumum

149 2369 189 2433 et
213 2353 541 2433 innumerabilem
559 2352 756 2434 bonorum
782 2353 931 2433 civium
954 2351 1101 2433 caedem
1125 2350 1298 2435 authoris

151 2465 267 2572 poend
282 2465 542 2575 expiavimus.
601 2465 725 2545 Nunc
740 2465 866 2573 magis
885 2464 1104 2545 naturalem
1119 2465 1197 2546 effe
1212 2492 1297 2547 mo-

151 2572 354 2656 narchiam
376 2604 426 2656 ex
451 2605 499 2656 eo
522 2575 679 2687 probari
701 2579 771 2672 ais,
792 2577 900 2685 quod
922 2577 1054 2687 plures
1074 2578 1241 2659 natr'ones
1263 2593 1298 2658 et

152 2713 249 2767 nunc
266 2706 304 2767 et
321 2688 403 2769 olim
421 2690 562 2797 regium
568 2688 715 2796 statum
731 2689 951 2800 receperint,
970 2717 1080 2799 quam
1094 2689 1299 2799 optrinatem

150 2814 188 2878 et
200 2801 428 2908 popularem.
488 2798 915 2910 Respondeoprimirm
930 2829 1058 2910 neque
1071 2802 1163 2883 Deo
1175 2830 1299 2912 neque

151 2912 288 2992 naturd
301 2911 482 2993 suadente
493 2913 535 2993 id
550 2912 699 2993 factum
711 2911 809 3007 esse3
840 2914 952 2994 Deus
964 2912 1034 2992 nifi
1050 2913 1214 3011 invitus,
1228 2942 1300 3026 po-

152 3023 295 3131 pulum
320 3024 434 3105 suum
460 3024 530 3105 sub
553 3028 663 3135 regio
690 3026 859 3134 imperio
885 3024 959 3105 effe
983 3024 1135 3122 noluit;
1166 3047 1300 3109 natura

153 3136 251 3242 quid
276 3135 430 3218 suadeat
449 3157 489 3217 et
511 3141 616 3217 resta
638 3139 751 3231 ratiO,
776 3163 855 3216 non
874 3165 925 3218 ex
977 3137 1143 3234 Iuribus,
1164 3138 1229 3220 sed
1251 3167 1300 3220 ex

153 3248 457 3356 prudentissimis
470 3249 691 3330 nationibus
706 3246 857 3358 optime
873 3166 1117 3359 perspicitur.
1155 3253 1299 3346 Graeci,

156 3361 344 3457 Romani,
366 3363 471 3455 Itali,
484 3359 840 3469 Carthaginienses,
861 3361 1058 3469 multique
1077 3362 1146 3441 alii
1165 3362 1301 3476 suopte

154 3471 315 3579 ingenio
334 3474 398 3554 vel
419 3475 673 3583 optimatium
697 3472 760 3552 vel
783 3473 921 3583 populi
948 3473 1164 3583 imperium
1192 3477 1301 3584 regio

153 3586 427 3692 praetulemnt3
460 3604 578 3694 atque
604 3585 664 3665 hae
687 3585 853 3694 quidem
879 3585 1054 3666 nationes
1076 3604 1302 3669 caeterarum

154 3696 338 3777 omnium
353 3696 470 3778 instar
481 3697 581 3779 sunt.
640 3699 751 3778 Hinc
764 3697 954 3807 Sulpitius
966 3698 1144 3793 Severus,
1158 3700 1302 3807 regium

154 3837 277 3891 nomen
290 3811 531 3918 cundlisfere
542 3808 668 3891 liberis
681 3808 855 3918 gentibus
858 3809 1007 3919 stmper
1021 3808 1180 3917 invisum
1191 3810 1301 3894 firiffe

155 3920 286 4002 tradit.
345 3924 498 4002 Verum
518 3922 588 4002 ista
606 3949 684 4002 non
697 3922 783 4029 jam
803 3920 881 4002 huc
900 3920 1113 4031 pertinent,
1130 3950 1301 4033 necque

155 4032 368 4143 sequuntur
383 4035 522 4129 multa,
538 4033 645 4114 inani
661 4032 845 4115 futilitate
864 4030 939 4114 dte
960 4032 1095 4143 saepius
1109 4036 1300 4145 repetita:

154 4146 203 4228 ad
218 4145 317 4228 illud
331 4144 486 4242 festino,
499 4165 544 4227 ut
561 4146 670 4256 quod
685 4145 900 4227 rationibus
918 4144 1089 4241 firmavi,
1101 4146 1144 4226 id
1162 4175 1302 4228 exem-

154 4261 230 4370 plis
241 4287 347 4340 nunc
361 4258 578 4353 ostendam,
592 4258 666 4340 esse
679 4259 742 4339 vel
757 4255 933 4339 maxime
953 4254 1167 4339 secundum
1186 4279 1302 4343 natu·

154 4402 256 4468 ram,
271 4393 453 4481 tyrannos
464 4400 627 4482 quoquo
638 4370 758 4453 modo
771 4370 927 4482 puniri;
948 4370 989 4452 id
1001 4391 1302 4482 omnes'gentes,
