2888 5204
147 183 221 256 142
424 146 513 235 Pro
540 139 723 273 Populo
750 140 1019 272 Anglicano

143 318 180 397 se
197 318 322 427 potest
342 318 514 411 nullam;
545 345 673 425 neque
693 320 802 397 enim
820 320 870 398 ad
889 319 997 429 leges
1017 317 1203 413 ferendas,
1219 316 1268 397 sod

143 430 193 510 ad
202 428 473 510 custodiendas
484 426 507 507 ὲ
519 428 669 537 populo
678 429 773 510 latas
783 429 1020 511 constitutus
1028 450 1125 511 erat.
1144 432 1269 538 Tuque

143 539 210 622 hic
222 541 353 623 fateris
366 541 591 648 congregari
599 541 746 621 idcirco
754 543 1040 623 Parlamentum
1050 561 1097 622 ut
1106 544 1199 651 leges
1206 570 1271 623 cun·

141 652 259 733 deret.
320 658 574 762 Quapropter
592 672 634 732 et
651 653 717 733 lex
732 655 867 732 Terrae
878 673 1058 748 vocatur,
1078 674 1121 734 et
1134 656 1197 735 lex
1212 680 1272 763 po-

142 766 254 873 puli:
285 766 405 844 Unde
421 762 671 844 Ethelstanus
683 792 754 844 rex
765 766 808 844 in
819 764 1047 874 praefatione
1058 765 1209 873 legum,
1217 763 1275 845 ubi

143 904 280 956 omnes
294 877 521 986 alloquitur,
534 876 652 969 nobb,
673 877 817 984 inquit,
833 877 912 984 lege
924 877 1054 986 veflrd
1066 879 1201 959 omnia
1211 877 1274 957 lar-

144 989 249 1096 gitus
261 988 371 1068 sum:
399 1007 439 1068 et
450 991 491 1066 in
507 987 678 1067 formula
684 987 899 1093 juramenti
912 1016 994 1098 quo
1010 1016 1128 1097 reges
1140 989 1276 1097 Anglie

143 1119 355 1209 antequam
374 1118 597 1180 crearentur
619 1099 860 1208 obstringere
879 1100 918 1180 se
936 1099 1129 1195 solebant,
1152 1101 1201 1181 fic
1216 1126 1276 1210 po-

143 1213 259 1321 pulus
274 1210 295 1291 ὲ
308 1239 399 1319 rege
412 1212 630 1320 stipulatur.
672 1211 846 1292 Concedo
852 1209 977 1320 justas
987 1212 1087 1319 leges
1098 1242 1192 1323 quas
1202 1210 1276 1291 vul-

139 1353 214 1430 gus
241 1322 426 1430 elegerit?
462 1322 667 1433 respondet
692 1350 776 1416 rex,
805 1322 967 1404 concedo.
1027 1325 1148 1405 Erras
1172 1323 1276 1404 etium

142 1455 224 1516 tota
245 1435 408 1543 Anglia,
427 1436 495 1543 qui
512 1463 634 1541 regem
652 1463 720 1542 quo
737 1452 897 1544 tempore
916 1434 1204 1516 Parlamentum
1218 1460 1277 1515 m

142 1545 316 1639 habetur,
330 1547 440 1655 plen)
457 1548 640 1655 planeque
657 1563 775 1626 totum
793 1546 905 1653 regni
912 1547 1062 1656 statum
1080 1547 1184 1655 regio
1195 1544 1276 1653 jm

140 1657 353 1764 gubernare
371 1659 441 1737 ais.
501 1659 613 1738 Nam
633 1685 761 1765 neque
780 1658 829 1738 de
844 1657 965 1752 bello,
980 1685 1112 1767 neque
1127 1659 1177 1739 de
1194 1682 1275 1767 paee

143 1771 250 1878 quod
263 1770 399 1877 magni
419 1769 465 1848 fit
480 1769 690 1862 momenti,
704 1771 919 1878 quicquam
938 1770 1165 1865 decernere,
1181 1768 1276 1849 neiu

137 1881 227 1987 jure
247 1882 410 1990 quidem
434 1881 607 1961 dicundo
632 1882 831 1960 curiarum
856 1880 1022 1963 decretis
1050 1880 1275 1962 intercedere

143 1994 282 2102 potest.
323 1994 467 2098 Jurant
477 1993 610 2101 itaque
620 1991 773 2098 judices
785 1990 886 2072 nihil
901 1993 938 2074 se
953 1992 1167 2099 injudiciis
1178 2018 1276 2073 exer·

142 2108 276 2187 cendis
288 2106 359 2186 nisu
374 2135 425 2185 ex
441 2106 528 2212 lege
540 2104 722 2197 facturos,
734 2104 884 2184 etiamsi
901 2132 969 2185 rex
986 2103 1069 2214 ipse
1083 2106 1206 2200 dieto,
1220 2118 1277 2183 aut

144 2219 344 2310 mandato,
364 2218 427 2297 vel
451 2219 571 2297 etiam
592 2216 712 2297 literis
731 2217 893 2326 proprio
915 2217 1063 2297 annulo
1080 2214 1277 2326 obfignatis

142 2330 255 2408 aliter
281 2331 505 2437 imperaret.
563 2329 675 2407 Hinc
708 2327 843 2436 saepius
873 2329 914 2407 in
948 2328 1081 2408 nostro
1100 2328 1193 2434 jure
1217 2352 1277 2408 rex

141 2440 268 2547 irfizns
286 2439 430 2519 dicitur
441 2471 452 2535 ;
484 2468 556 2519 nec
576 2440 640 2519 sua
652 2439 742 2545 jura
760 2459 829 2521 aut
845 2440 1071 2550 dignitates,
1087 2442 1160 2521 nifi
1179 2436 1281 2553 pueri

142 2570 211 2631 aut
230 2552 373 2661 pupilli
398 2552 439 2630 in
458 2551 639 2645 modum,
660 2550 864 2659 poffidere.
923 2555 1036 2663 Spec.
1059 2553 1165 2657 Just.
1189 2581 1225 2632 c.
1243 2574 1279 2652 4.
1317 2568 1320 2589 ¹

143 2663 233 2744 sect.
258 2689 325 2742 22.
351 2661 445 2743 hinc
463 2663 584 2743 etiam
603 2662 703 2743 illud
721 2662 827 2773 apud
852 2690 921 2742 nos
939 2663 1079 2745 crebro
1098 2664 1183 2744 dici
1199 2663 1283 2743 soli·

144 2794 246 2868 tum,
270 2805 339 2855 rex
360 2805 429 2855 non
446 2775 562 2883 potest
578 2777 718 2883 facere
743 2773 934 2882 injurium.
994 2776 1118 2886 Qod
1144 2794 1189 2855 tu
1213 2773 1284 2855 hoc

143 2889 264 2968 modo
281 2887 461 2968 scelerate
474 2886 751 2996 interpretaris,
765 2887 896 2995 nonest
910 2887 1051 3000 injuria
1065 2916 1178 2996 quam
1181 2885 1287 2997 facit

142 3030 225 3095 rex,
246 3001 334 3109 quia
352 3000 391 3079 in
410 3030 447 3079 eo
473 3028 542 3078 non
561 2997 738 3107 punitur.
795 2998 1089 3079 Admirabilem
1114 2996 1288 3079 hominis

143 3112 433 3222 impudentiam
452 3130 492 3188 et
511 3111 807 3219 improbitatem
822 3109 886 3189 vel
904 3107 982 3190 hoc
1001 3109 1081 3190 solo
1095 3110 1289 3222 interpre-

143 3242 318 3304 tamento
340 3224 429 3331 quis
455 3249 535 3300 non
558 3220 793 3330 perspiciat?
853 3221 1067 3331 Capitistfl
1091 3221 1288 3330 imperare,

142 3336 287 3444 inquis,
300 3364 370 3415 non
380 3332 634 3427 membrorum,
647 3361 716 3413 rex
728 3332 971 3414 Parlamenti
981 3350 1096 3442 caput
1109 3334 1174 3443 est
1205 3337 1289 3415 Sic-

124 3448 230 3527 'cine
250 3474 455 3554 nugarere,
478 3445 592 3524 s1cor
616 3444 689 3524 tibi
711 3444 886 3554 saperet?
916 3472 1018 3525 erras
1038 3446 1187 3538 iterum
1210 3445 1290 3553 (sed

142 3561 230 3666 quis
251 3557 338 3638 finis
358 3584 536 3652 errorum
555 3556 611 3641 est
630 3556 808 3664 tuorum)
825 3558 867 3636 in
886 3584 967 3665 quo
987 3556 1090 3664 regis
1109 3557 1289 3638 confiliu-

142 3670 220 3750 rios
250 3665 273 3748 ὲ
301 3669 539 3748 Parlamenti
568 3667 769 3748 ordinibus
800 3695 879 3748 non
912 3667 1146 3775 distinguis;
1199 3697 1291 3749 nam

142 3809 269 3890 neque
297 3780 384 3862 illos
404 3779 568 3888 quidem
588 3806 740 3873 omnes,
760 3777 906 3860 horum
923 3779 1018 3860 verb
1042 3779 1174 3860 nullos
1198 3781 1291 3862 reli·

141 3895 230 4003 quis
250 3920 328 3971 non
346 3891 528 4000 probatos
547 3891 692 3999 eligere
712 3891 879 3971 debebat
898 3919 989 3986 rex3
1025 3891 1066 3971 in
1085 3890 1293 4000 plebeium

141 4025 274 4086 autem
292 4004 472 4084 ordinem
488 4021 533 4082 ut
549 4030 777 4112 quenquam
793 4002 972 4111 eligeret,
999 4002 1038 4082 id
1057 4004 1129 4083 s1bi
1147 4032 1204 4086 ne
1227 4005 1291 4084 su-

141 4116 275 4198 mebat
290 4115 455 4223 quidem
468 4142 656 4223 unquam.
697 4115 856 4229 Qibus
869 4114 910 4194 id
926 4115 1100 4196 muneris
1117 4117 1291 4227 populus

141 4227 360 4339 delegabat,
384 4256 455 4338 per
480 4227 698 4336 municipia
723 4227 865 4335 singuli
888 4226 1081 4336 suffragiis
1103 4230 1289 4309 omnium

141 4341 408 4451 eligebantur;
440 4339 635 4419 notiffima
663 4338 818 4447 loquor,
850 4367 976 4447 eoque
1002 4340 1159 4421 brevior
1189 4340 1289 4424 sum.
