2888 5204
228 617 283 694 40
497 577 588 669 Pro
609 560 797 708 ,Populo
822 572 1090 706 Anglicano

229 746 311 829 lim
338 747 574 858 pradicant:
606 749 732 828 tacitis
757 767 891 828 autem
917 749 1017 828 votis
1043 746 1200 827 nullum
1228 766 1381 822 numen

228 881 366 968 praeter
382 861 601 940 Fortunam
615 880 861 940 venerantur.
922 862 1047 965 Juxta
1057 859 1157 938 illud
1174 852 1351 936 Horatii.

343 1017 396 1100 Te
415 1021 550 1100 Dacus
567 1018 688 1128 asper,
708 1038 746 1100 te
758 1019 919 1128 profugi
936 1023 1097 1130 Scythae,

397 1133 609 1241 Regumque
626 1148 765 1211 matres
782 1131 1042 1226 barbarorum,
1060 1151 1097 1211 et

453 1243 652 1351 Purpurer'
661 1259 829 1323 metuunt
843 1244 1010 1352 tyranni,

340 1353 519 1460 Injurioso
537 1385 582 1434 ne
593 1354 685 1462 pede
697 1372 906 1463 proruras
1003 1350 1022 1392 l

342 1467 510 1546 Stantem
529 1467 744 1560 columnam,
764 1496 834 1546 neu
846 1467 1004 1575 populus
1007 1465 1194 1576 frequens

396 1575 468 1656 Ad
481 1606 589 1657 arma
606 1576 792 1687 crffzntes,
812 1578 865 1659 ad
875 1607 983 1658 arma

455 1689 636 1782 Concitet,
658 1689 916 1799 imperiumque
920 1688 1109 1797 frangat.

229 1860 270 1939 Si
287 1858 382 1966 ergb
403 1887 512 1967 reges
532 1859 650 1940 hodie
670 1889 741 1971 per
758 1862 895 1941 Deum
912 1878 1088 1968 regnant,
1103 1858 1225 1937 etiam
1237 1856 1380 1967 populi

228 1999 299 2081 per
319 1972 457 2050 Deum
476 1973 517 2050 in
533 1973 756 2053 libertatem
771 1973 807 2052 se
824 1972 1037 2065 vindicant,
1053 1969 1379 2079 quandoquidem

228 2083 361 2161 omnia
381 2078 506 2162 iDeo
526 2102 565 2162 et
584 2112 654 2192 per
674 2085 812 2163 Deum
832 2084 945 2164 fiunt.
1007 2085 1235 2188 Utrumque
1255 2081 1379 2159 etiam

228 2191 337 2301 aque
368 2193 527 2272 testatur
551 2196 763 2303 Scriptura,
792 2216 832 2275 et
857 2223 967 2304 reges
991 2222 1062 2303 per
1086 2221 1180 2273 eum
1198 2219 1377 2299 regnare,

228 2325 268 2383 et
297 2332 369 2413 per
391 2333 485 2385 eum
514 2303 609 2385 solio
634 2306 772 2411 dejici;
803 2303 898 2386 cirm
930 2324 1063 2386 tamen
1094 2304 1135 2383 id
1162 2320 1379 2410 utrumque

229 2414 346 2523 longe
359 2415 492 2526 saepius
504 2413 526 2494 i
537 2418 686 2526 populo
699 2417 783 2496 fieri
796 2417 1090 2527 perspiciamus,
1101 2411 1222 2523 quim
1234 2411 1257 2493 a
1271 2416 1377 2493 Deo.

229 2526 302 2629 Jus
332 2528 464 2636 itaque
494 2529 633 2638 populi
662 2531 806 2638 pariter
834 2556 879 2608 ac
904 2529 1021 2635 regis,
1041 2525 1232 2635 quicquid
1260 2522 1380 2618 est,i

230 2638 320 2718 Deo
346 2639 415 2718 est.
478 2639 652 2747 Populus
681 2639 907 2748 ubicunque
938 2640 1016 2719 fine
1047 2639 1137 2717 Deo
1169 2633 1379 2715 manifestb

230 2777 367 2856 regem
385 2750 545 2843 creavit,
563 2750 690 2858 potest
709 2753 849 2830 eodem
859 2752 947 2856 jure
966 2750 1033 2829 suo
1049 2777 1185 2856 regem
1202 2747 1377 2851 rejicere.

228 2861 462 2967 Tyrannum
482 2858 568 2939 sane
582 2861 716 2942 tollere
732 2860 853 2970 quam
871 2862 1102 2942 constituere
1116 2859 1288 2940 divinius
1303 2858 1377 2953 est;

229 2971 394 3080 plusque
414 2972 495 3050 Dei
510 2974 681 3051 cernitur
700 2974 741 3051 in
761 2973 909 3080 populo
928 2972 1082 3081 quoties
1101 2970 1291 3076 injustum
1306 2970 1380 3050 ab·

228 3084 333 3163 dicat
351 3110 502 3190 regem,
522 3080 643 3190 quam
663 3085 704 3162 in
724 3111 815 3192 rege
835 3087 905 3191 qui
919 3086 1170 3165 innocentem
1186 3082 1383 3191 opprimit

228 3194 439 3303 populum.
499 3195 589 3274 Imo
616 3223 725 3304 reges
752 3197 890 3274 noxios
919 3197 1010 3275 Deo
1041 3194 1204 3274 authore
1224 3192 1380 3296 judicat

228 3305 424 3414 populus:
455 3303 532 3385 hoc
552 3307 661 3385 enim
674 3305 757 3415 ipso
772 3305 920 3386 honore
937 3307 1099 3385 diletios
1116 3305 1200 3385 suos
1216 3305 1379 3384 decora·

229 3418 286 3500 vit
306 3419 431 3510 Deus,
451 3416 550 3495 Psal.
578 3442 669 3521 149.
687 3436 731 3496 ut
748 3415 952 3498 Christum
968 3445 1104 3524 regem
1119 3416 1233 3495 suum
1248 3414 1380 3495 laudi-

228 3527 301 3607 bus
327 3528 582 3622 celebrantes,
603 3530 783 3635 gentium
813 3556 937 3636 reges,
957 3529 1091 3637 quales
1117 3527 1186 3607 sub
1206 3555 1378 3635 evange-

229 3639 283 3719 lio
303 3639 390 3719 sunt
413 3668 549 3720 omnes
574 3641 741 3747 tyranni,
761 3639 921 3720 vinculis
946 3649 1169 3731 coercerent,
1189 3638 1297 3747 inque
1322 3668 1380 3718 eos

217 3748 287 3854 jus
296 3751 487 3858 scriptum
510 3767 737 3843 exercerent,
757 3752 828 3859 qui
849 3752 937 3857 jure
964 3751 1075 3830 omni
1097 3749 1239 3858 scripto
1258 3767 1379 3857 atque

229 3862 382 3968 legibus
396 3861 539 3940 solutos
551 3860 587 3940 se
600 3862 673 3940 effe
686 3861 915 3968 gloriantur.
947 3863 1015 3941 Ne
1023 3863 1112 3970 quis
1128 3880 1209 3940 tam
1221 3859 1377 3954 stolide,

228 3999 276 4050 ne
291 3972 380 4080 quis
395 3989 476 4051 tam
489 3971 612 4080 impie
628 3974 759 4051 c'redat
774 3976 871 4052 tanti
891 3975 964 4053 effe
977 3974 1082 4081 apud
1098 3974 1236 4052 Deum
1251 3999 1377 4078 reges,

227 4081 309 4162 fere
340 4082 570 4161 mortalium
599 4082 877 4190 ignaviffimos,
905 4103 1115 4164 uteorum
1141 4101 1241 4162 nutu
1272 4082 1377 4162 orbis

227 4212 418 4274 terrarum
434 4211 537 4273 totus
553 4196 719 4320 pendeat
737 4213 777 4273 et
796 4195 1049 4302 gubernetur,
1069 4224 1208 4275 eorum
1224 4211 1269 4273 ut
1287 4221 1377 4301 gra-

228 4305 296 4397 tia,
324 4331 478 4412 praeque
505 4304 596 4398 illrs,
624 4306 820 4399 divinum,
848 4325 892 4386 ut
918 4309 972 4386 ita
996 4305 1141 4399 dicam,
1162 4304 1376 4385 hominum

226 4443 350 4523 genus
377 4413 518 4494 eodem
540 4444 621 4523 quo
645 4416 759 4495 bruta
782 4436 822 4495 et
841 4418 1021 4497 viliffima
1040 4445 1203 4525 quaeque
1223 4416 1377 4495 anima·

227 4528 279 4608 lia
298 4528 386 4606 loco
405 4544 522 4632 atque
542 4553 708 4606 numero
728 4525 953 4607 habendum
971 4529 1029 4608 fit.
1088 4531 1178 4634 Age
1190 4555 1312 4622 nunc,
1329 4554 1378 4606 ne

225 4636 1377 4746 nihilenimagas,M.Aurelium,quafityrannisfaventem,

192 4846 200 4858 ⁶
224 4757 264 4833 in
284 4749 463 4832 medium
482 4747 656 4856 profers3
686 4767 725 4828 at
736 4749 851 4831 satius
867 4751 939 4830 tibi
952 4750 1028 4830 fuit
1040 4752 1231 4832 Marcum
1245 4752 1377 4831 Aure-
