2888 5204
390 539 632 643 Defensio·
672 544 794 680 Cap.
825 576 870 672 5.
1158 585 1183 663 9
1188 587 1210 670 ς

50 721 264 828 abrogant,
285 718 450 800 omnino
468 721 749 802 convenienter
767 740 912 801 naturae
931 718 1094 806 faciunt.
1130 725 1213 805 Cui

52 833 124 915 fini
144 833 471 942 sapientiffimum
486 861 686 942 quemque
702 852 839 914 natura
852 833 1062 916 constituat
1077 864 1212 945 regem

54 974 106 1027 cx
133 943 346 1054 temetipso
370 945 488 1042 audi;
520 964 565 1025 ut
589 945 654 1024 vel
683 965 828 1026 natura
850 946 914 1026 vel
937 947 1091 1054 legibus
1117 951 1214 1031 male

54 1058 258 1165 morigeros
286 1057 326 1138 in
360 1057 471 1166 officio
501 1056 698 1139 contineat.
759 1059 975 1138 Continere
1008 1079 1141 1141 autem
1173 1064 1215 1141 in

56 1170 192 1251 officio
211 1169 390 1279 potestne
402 1171 434 1251 is
447 1168 559 1263 alios,
576 1169 755 1250 officium
768 1172 838 1277 qui
852 1171 1035 1279 negligit,
1048 1194 1116 1253 aut
1128 1173 1214 1253 nes-

55 1284 128 1377 cit,
147 1301 218 1362 aut
236 1281 426 1392 pervertit
443 1281 525 1392 ipse
544 1281 686 1362 suum?
745 1279 859 1361 Cedb
865 1282 951 1389 jam
962 1285 1128 1391 quodvis
1143 1313 1214 1366 na-

58 1413 155 1476 turae
166 1415 408 1505 praeceptum
421 1422 503 1502 quo
507 1393 717 1501 jubeamus
727 1393 1052 1475 institutanaturae
1062 1396 1213 1508 sapien-

58 1506 205 1587 tiffima
224 1507 267 1585 in
282 1505 564 1616 rebuspublicis
583 1525 624 1586 et
634 1505 816 1587 civilibus
832 1536 910 1589 non
923 1507 1122 1589 observare
1133 1536 1212 1589 non

57 1646 210 1713 curare,
223 1647 297 1729 pro
309 1616 436 1698 nihilo
449 1616 606 1698 habere.
660 1614 770 1698 Cbm
783 1617 862 1728 ipsa
876 1621 916 1698 in
929 1620 1043 1701 rebus
1056 1639 1214 1701 natura-

58 1730 162 1812 libus
186 1750 228 1811 et
253 1731 478 1810 inanimatis
505 1757 555 1810 ne
580 1730 648 1810 suo
671 1729 749 1810 fine
772 1727 990 1825 frustretur,
1015 1731 1214 1842 saepiffime

58 1870 116 1924 res
128 1869 296 1951 magnas
307 1860 425 1951 atque
437 1842 556 1922 miras
570 1842 724 1922 efficere
735 1841 864 1922 soleat.
904 1842 1077 1923 Ostende
1090 1843 1214 1925 ullam

58 1956 121 2035 vel
132 1974 283 2036 naturae
292 1955 356 2035 vel
370 1954 554 2035 naturalis
562 1954 720 2061 justitiae
737 1954 929 2062 regulam,
941 1956 1020 2063 qub
1036 1976 1214 2066 oporteat

59 2095 146 2149 reos
162 2068 339 2147 minores
350 2067 505 2176 puniri;
526 2093 638 2174 reges
649 2085 689 2147 et
701 2066 898 2147 malorum
909 2069 1090 2148 omnium
1102 2070 1214 2179 prin-

59 2180 170 2290 cipes
189 2179 407 2289 impunitos
422 2177 511 2273 effe,
531 2177 617 2258 imb
635 2179 738 2259 inter
756 2181 933 2258 maxima
952 2179 1099 2287 flagitia
1118 2182 1212 2276 coli,

58 2292 230 2387 adorari,
257 2310 298 2371 et
322 2291 414 2372 Deo
440 2291 643 2400 proximos
670 2288 820 2370 haberi.
881 2292 1078 2371 Concedis
1101 2293 1214 2401 ipsam

57 2403 217 2512 regendi
226 2402 421 2497 rationem,
421 2401 511 2507 five
517 2422 590 2513 per
596 2403 741 2512 plures,
742 2403 830 2509 ſsve
835 2419 908 2511 per
916 2403 1125 2511 pauciores,
1126 2405 1215 2508 five

53 2532 128 2626 per
149 2544 266 2597 unum
288 2514 524 2625 dispensetur,
544 2516 649 2625 aeque
674 2515 884 2595 naturalem
902 2513 980 2625 effe.
1040 2516 1138 2595 Non
1158 2516 1215 2596 est

59 2627 158 2737 ergb
174 2655 246 2708 rex
259 2627 324 2707 vel
339 2626 595 2738 optimatibus
607 2627 669 2707 vel
684 2626 823 2737 populi
839 2626 1129 2735 magistratibus
1144 2656 1214 2709 na-

61 2742 151 2821 turi
162 2738 341 2833 sanffior,
354 2768 453 2848 quos
466 2767 560 2820 cum
576 2740 708 2850 puniri
723 2737 828 2850 polle
840 2767 885 2820 ac
899 2739 1056 2834 debere,
1077 2740 1104 2820 fi
1120 2769 1215 2852 pec-

61 2871 169 2948 cant,
189 2851 304 2963 supra
321 2851 368 2932 fis
395 2852 572 2960 largitus,
592 2853 699 2933 idem
725 2852 775 2932 de
798 2851 971 2960 regibus,
989 2851 1121 2932 eidem
1144 2853 1214 2934 fini

61 2993 108 3047 ac
133 2965 243 3046 bono
267 2964 488 3045 constitutis
514 2962 657 3044 fateare
682 2962 828 3044 neceffe
857 2963 927 3043 est.
987 2966 1077 3044 Non
1106 2967 1215 3045 enim

56 3077 217 3189 patitur
229 3095 387 3171 natura,
407 3076 552 3185 inquis,
572 3075 629 3156 ita
648 3075 1064 3183 uniusſsngularitatem
1075 3077 1216 3184 guber·

62 3218 174 3284 nare,
197 3206 243 3270 ut
263 3218 333 3270 non
357 3189 449 3270 alios
460 3188 580 3295 socios
606 3187 814 3297 superandi
834 3185 982 3272 habeat.
1041 3189 1216 3271 Minime

63 3300 163 3411 ergb
175 3302 323 3412 patitur
332 3297 603 3394 monarcham,
615 3297 784 3380 minime
797 3327 923 3380 unum
934 3302 989 3380 ita
1001 3302 1058 3379 im
1088 3329 1213 3383 erare:

64 3433 110 3496 ut
133 3432 294 3495 caeteros
325 3438 462 3493 omnes
492 3411 551 3492 sui
574 3413 690 3492 unius
717 3412 876 3521 imperii
904 3411 1031 3492 servos
1059 3329 1214 3494 iabeat.

64 3526 204 3607 Socios
223 3543 358 3605 autem
383 3525 604 3632 imperandi
622 3525 693 3634 qui
719 3523 857 3605 tribuis
885 3525 983 3633 regi,
998 3541 1109 3634 penes
1131 3554 1218 3635 quos

50 3637 203 3749 stupet
213 3636 374 3746 regimen
387 3636 565 3745 corfistat,
577 3637 644 3716 das
656 3637 786 3717 eidem
799 3635 970 3743 collegas
982 3653 1022 3714 et
1033 3637 1214 3743 aequales3

65 3750 177 3831 addis
188 3750 261 3858 qui
276 3750 432 3859 punire,
448 3748 557 3829 addis
570 3749 642 3856 qui
657 3748 835 3830 abdicare
852 3747 1005 3858 poffint.
1066 3748 1141 3844 Ita,
1158 3751 1218 3830 uti

65 3860 223 3971 semper
246 3859 357 3954 facis,
376 3861 475 3940 dum
502 3860 734 3970 potestatem
757 3862 922 3967 regiam,
942 3887 1020 3941 non
1036 3857 1123 3966 jam
1145 3890 1218 3942 ex-

68 3972 276 4083 auges,sed
286 3972 561 4053 tantummodo
573 3991 709 4052 natura
717 3973 935 4067 constituis,
948 3971 1099 4053 aboles:
1120 3973 1218 4054 adeb

67 4104 111 4167 ut
125 4082 231 4165 nihil
243 4103 382 4195 putem
394 4083 668 4192 inauspicatius
680 4086 855 4165 accidere
869 4084 1025 4192 regibus
1037 4086 1218 4193 potuisse,

66 4193 191 4306 qubm
207 4214 245 4275 te
264 4193 523 4276 defensorem.
584 4197 623 4277 O
642 4195 842 4278 infelicem
858 4224 903 4276 ac
917 4196 1120 4291 miserum,
1133 4227 1220 4307 quae

66 4328 104 4391 te
122 4310 269 4390 mentia
285 4307 416 4417 caligo
439 4310 481 4389 in
505 4307 606 4390 hanc
630 4309 791 4421 impulit
809 4307 1004 4402 fraudem,
1028 4328 1072 4389 ut
1094 4310 1219 4390 laten-

67 4440 151 4502 tem
173 4420 340 4503 antehac
358 4422 443 4515 diu,
463 4439 504 4502 et
521 4420 627 4530 quali
654 4421 896 4531 personatam
922 4420 1220 4530 improbitatem

64 4551 186 4643 atque
204 4531 400 4615 inscitiam
419 4551 529 4614 tuam
548 4559 652 4613 nunc
672 4552 780 4614 tanto
798 4551 938 4614 conatu
960 4530 1122 4614 insciens
1147 4562 1221 4613 nu·

65 4646 179 4728 dares
193 4644 292 4757 ipse,
307 4664 348 4727 et
361 4645 546 4727 omnibus
561 4644 811 4757 patefaceres,
824 4663 1056 4753 tuoquemet
1072 4672 1219 4754 oppro-

65 4757 157 4842 brio
173 4786 339 4871 operam
357 4757 439 4869 ipse
455 4776 565 4841 tuam
584 4758 746 4853 locares,
762 4777 832 4841 tuo
847 4757 928 4868 ipse
947 4754 1118 4837 ludibrio
1138 4775 1220 4838 tam
