2888 5204
382 553 622 658 DefenfiO.
658 563 778 692 Cap.
813 594 891 655 10.
1136 601 1207 685 ¹7¹

114 748 153 830 ις
168 734 241 816 ubi
258 735 371 816 enim
384 734 490 816 virus
508 761 630 816 omne
648 733 869 815 acerbitatis
883 761 1066 816 evomere
1079 738 1216 847 cupie-

114 847 215 941 eibi
228 847 394 928 insciens
406 867 523 955 atque
537 847 681 928 invitus
693 846 940 926 benedixisti.
1000 847 1095 928 Hoc
1106 851 1215 929 enim

114 961 306 1068 hAnglia
325 959 569 1041 notillimum
590 958 660 1051 est,
681 959 709 1037 fi
732 960 801 1066 qui
824 959 873 1038 ad
898 960 1131 1069 exemplum
1150 990 1216 1042 ec-

114 1070 265 1153 afiorum
278 1072 340 1152 vel
354 1070 599 1151 Gallicarum
614 1070 675 1149 vel
687 1071 1032 1165 Germanicarum,
1046 1090 1089 1152 ut
1102 1074 1216 1181 quas-

114 1208 144 1265 te
167 1183 458 1265 reformatiores
490 1181 564 1262 effe
587 1180 830 1288 judicabant,
855 1185 1057 1291 puriorem
1089 1186 1217 1267 cultus

114 1296 188 1375 riui
207 1297 402 1377 rationem
421 1293 530 1404 sequi
548 1293 768 1389 studebant,
788 1292 909 1403 quim
933 1294 1033 1403 pene
1052 1324 1215 1378 omnem

114 1406 253 1520 piscopi
268 1407 389 1488 nostri
406 1407 647 1486 caeremoniis
667 1426 706 1486 et
727 1406 1061 1516 superstitionibus
1081 1430 1217 1490 conta-

114 1520 363 1601 iuaverantfi
394 1521 465 1627 qui
493 1519 652 1599 tandem
679 1519 823 1626 pietate
850 1546 943 1626 erga
971 1519 1123 1614 Deum,
1151 1542 1218 1604 aut

114 1648 153 1713 ue
171 1633 395 1740 integritate
415 1632 563 1711 caeteris
582 1630 823 1739 praestabant,
844 1658 910 1711 eos
930 1629 978 1711 ab
998 1633 1141 1740 Episco
1171 1662 1216 1715 o-

114 1770 154 1825 m
173 1741 393 1825 fautoribus
410 1744 617 1824 Puritanos
637 1740 748 1823 fuiffe
765 1742 1001 1823 nominatos.
1052 1744 1112 1824 Hi
1129 1663 1216 1827 (ειη

114 1884 238 1939 orum
260 1856 480 1937 doctrinam
504 1853 661 1963 regibus
685 1856 891 1936 inimicam
914 1854 988 1935 elle
1013 1855 1214 1953 clamitas;

114 1996 194 2101 pue
217 1966 261 2048 hi
280 1967 421 2062 solum,
447 1996 538 2048 nam
556 1967 724 2076 plerique
748 1968 1047 2077 reformatorum,
1071 1971 1216 2079 inquis,

114 2082 182 2165 tin
198 2081 292 2162 alios
304 2079 504 2191 dffciplinae
522 2079 601 2186 ejus
618 2079 799 2160 articulos
816 2108 885 2160 nou
893 2078 1101 2185 jurarunt,
1121 2083 1219 2164 hunc

114 2222 187 2277 nen
205 2221 320 2273 uuum
338 2192 517 2275 vallentur
531 2190 757 2302 opproboffe,
782 2191 848 2303 qui
864 2191 979 2299 regia
995 2190 1220 2300 adverstrtur

114 2304 310 2389 mumioni.
369 2307 430 2385 Ita
450 2304 777 2414 Independentes,
801 2304 898 2383 dum
917 2304 1137 2410 graviffimd
1158 2308 1218 2386 in-

114 2420 233 2512 tario,
245 2416 397 2512 laudas3
415 2418 484 2525 qui
497 2444 563 2497 eos
574 2415 624 2495 ab
637 2418 890 2524 integerrima
902 2415 1218 2499 Christianorum

114 2531 216 2613 uilia
230 2531 414 2623 deducis;
436 2548 476 2608 et
489 2556 611 2638 quam
626 2530 845 2609 doctrinam
862 2528 1219 2639 independentium

114 2642 136 2725 'e
155 2643 361 2754 propriam
382 2640 527 2748 ubique
542 2640 684 2735 arseris,
704 2669 791 2720 eam
814 2669 917 2721 nunc
935 2641 1220 2750 reformatorum

114 2755 251 2866 rosque
271 2752 482 2864 approbaffe
503 2751 725 2833 confiteris:
756 2752 804 2833 ed
824 2753 943 2862 usque
964 2751 1129 2835 demirm
1148 2783 1219 2835 au-

114 2869 200 2962 ciae,
227 2867 458 2978 impietatis,
487 2865 679 2975 apostafiae
706 2870 912 2974 provectus
939 2893 993 2959 es,
1026 2886 1069 2948 ut
1097 2869 1219 2948 etiam

114 2980 303 3089 ¹uiscopos,
324 3006 423 3086 quos
452 2997 638 3087 tanquam
669 2977 795 3086 pestes
822 2997 862 3057 et
881 2977 1144 3060 Antichristos
1167 3009 1218 3060 ex

114 3091 244 3175 :clefia
273 3087 458 3171 radicitus
486 3088 726 3183 evellendos,
755 3109 873 3199 atque
902 3093 1219 3174 exterminandos

114 3202 143 3285 ie
162 3230 290 3314 nuper
304 3201 487 3296 docuisti,
506 3228 571 3281 eos
590 3230 695 3281 nunc
714 3200 739 3280 ὰ
758 3231 844 3310 rege
862 3200 1010 3282 tuendos
1023 3203 1099 3311 fui
1123 3235 1141 3284 e
1160 3203 1220 3284 af-

114 3343 273 3410 mas,ne
284 3314 383 3423 quid
391 3316 630 3394 Sacramento
643 3313 788 3394 scilicet
804 3314 1102 3420 inaugurationis
1113 3315 1220 3397 dero·

114 3446 200 3509 tum
215 3428 302 3508 iret.
337 3424 458 3508 Nihil
470 3425 526 3505 est
536 3425 698 3506 ulterius
705 3426 789 3532 jam
806 3426 956 3506 sceleris
970 3447 1036 3506 aut
1049 3427 1221 3509 infamia

114 3539 285 3650 ropoffis
304 3539 531 3648 procedere,
549 3535 685 3646 qudm,
705 3537 812 3647 quod
832 3538 959 3618 solum
978 3538 1162 3648 superest,
1176 3560 1221 3620 ut

114 3650 341 3744 formatam,
356 3678 477 3760 quam
494 3650 652 3761 polluis,
670 3651 904 3759 religionem
919 3649 1220 3759 quamprimum

114 3792 211 3845 ures.
272 3761 396 3874 Qud
419 3782 552 3844 autem
572 3790 642 3843 nos
659 3764 714 3842 ais
737 3792 854 3843 omnes
866 3762 994 3869 sellas
1012 3780 1049 3844 et
1067 3764 1221 3871 hareses

114 3877 247 3969 krare,
268 3874 310 3955 id
329 3875 412 3955 noli
427 3875 627 3969 accusare3
656 3875 848 3984 quamdiu
869 3895 908 3955 te
933 3875 1122 3983 impium,
1149 3879 1221 3986 qui

114 3983 391 4069 hristianorum
406 3987 672 4080 sandiiffimos,
683 4006 723 4066 et
739 3986 944 4096 plerosque
957 3988 1079 4068 etiam
1098 3987 1222 4070 refor-

114 4120 199 4183 ttos
214 4098 289 4181 tibi
303 4098 477 4180 adversos
493 4097 681 4180 &tenebrat
691 4100 774 4180 orci
777 4098 929 4210 prodire
943 4100 1060 4180 audes
1076 4101 1221 4197 dicere,

129 4240 294 4306 vanum,
317 4212 566 4305 mendacem,
590 4230 629 4290 et
651 4212 940 4292 conductitium
962 4212 1223 4296 calumniato-

114 4354 174 4420 m,
207 4344 246 4406 te
273 4324 443 4432 denique
475 4323 706 4435 Apostatam
731 4324 890 4404 ecclesia
914 4343 1044 4404 tamen
1072 4327 1222 4409 toleret.

114 4466 182 4519 uas
213 4455 348 4518 autem
377 4436 521 4517 exinde
551 4433 834 4545 sycophantias,
862 4436 1005 4545 quibus
1036 4465 1221 4546 magnam

114 4550 216 4661 liqui
226 4549 367 4659 capitis
383 4567 535 4657 partem
550 4548 727 4642 insumis,
740 4568 780 4629 et
795 4577 881 4658 quae
895 4549 1108 4630 monstrosa
1123 4552 1223 4657 dog-

114 4684 178 4747 tta
198 4660 572 4771 independentibus,
589 4660 638 4740 ad
650 4660 930 4742 cumulandam
951 4664 998 4743 iis
1018 4660 1222 4755 invidiam,

114 4776 242 4886 fingis,
276 4773 417 4883 quidni
449 4774 662 4855 omittam?
700 4801 795 4855 curn
830 4801 958 4883 neque
990 4774 1039 4855 ad
1068 4770 1223 4854 causam
