2888 5204
151 184 230 289 380
397 165 621 264 Authoris
646 206 732 302 pro
756 167 800 264 se
826 160 1053 262 Defenfio

147 341 342 451 depellere
359 360 574 421 conantur:
595 341 750 422 causam
763 340 884 421 ullam
896 360 964 421 aut
980 343 1174 419 rationem
1186 356 1282 418 tuam

148 455 483 533 communicatam
499 453 569 533 fibi
589 455 751 548 nolunt;
783 481 832 533 ne
851 452 1041 532 scelerum
1058 469 1281 531 tuorumat-

147 594 225 673 que
248 566 486 645 dedecorum
510 568 720 676 participes
749 565 867 645 fiant:
899 565 1072 671 ejectum
1091 582 1132 643 te
1153 591 1203 642 ex
1224 561 1283 640 suo

148 679 300 772 ordine,
332 697 371 756 et
399 676 667 772 exturbatum,
696 698 740 757 ut
766 678 932 757 meritus
951 705 1006 771 es,
1035 677 1224 785 cupiunt;
1250 692 1285 751 ct

147 789 272 884 illam,
285 818 407 897 quam
419 791 489 883 ais,
490 788 652 896 fibulam
664 791 723 870 ori
736 809 805 872 tuo
818 788 1128 898 impudiciffimo
1139 787 1284 893 affigere

91 916 96 925 “
148 920 348 982 conantur.
395 903 544 1000 ,Maste
558 902 678 981 estote
694 903 917 1021 integritate
929 901 1052 981 vestra
1067 920 1186 1008 atque
1200 924 1285 978 con·

150 1013 301 1107 stantia,
318 1014 394 1093 viri
409 1014 580 1093 Ecclefia
596 1016 730 1122 digni;
762 1013 986 1123 prospicite,
1003 1031 1048 1091 ut
1063 1010 1285 1102 instituistis,

148 1126 327 1205 Eccleliae
342 1127 519 1264 puritati,
532 1127 826 1220 existimationi,
841 1125 1067 1234 disciplinae,
1082 1123 1284 1231 exemplo:

149 1258 326 1318 amovete
347 1237 565 1318 alateribus
578 1239 711 1318 vestris
731 1239 986 1317 immundum
1001 1237 1102 1316 illud
1122 1255 1163 1316 et
1175 1235 1286 1313 verri·

148 1378 246 1429 num
265 1351 379 1445 latus,
392 1350 502 1455 cujus
522 1378 600 1430 non
621 1348 748 1430 solirm
768 1352 848 1429 istu
862 1350 1034 1429 Ecclefia
1050 1348 1216 1439 laeditur,
1230 1344 1285 1424 sod

148 1461 301 1542 affristu
318 1464 438 1541 etiam
451 1462 653 1570 polluitur.
715 1463 855 1542 Nolite
870 1460 970 1541 hanc
986 1460 1285 1568 indigniffimam

147 1576 431 1654 contumeliam
447 1575 544 1683 pati,
558 1594 603 1653 ut
619 1576 665 1668 is,
682 1570 777 1654 cum
790 1573 1031 1679 flagitiorum
1045 1572 1207 1652 suorum
1220 1597 1285 1649 no·

148 1686 255 1764 mine
279 1687 430 1766 meritis
448 1687 635 1767 conviciis
655 1705 771 1795 atque
792 1685 956 1766 infamia
974 1686 1138 1794 petitur,
1158 1710 1236 1763 non
1253 1680 1286 1761 sc

147 1798 245 1906 peti,
266 1796 330 1876 sed
356 1798 463 1906 quas1
483 1800 529 1892 is,
548 1801 641 1905 quia
667 1826 826 1878 coenum
854 1798 1026 1879 hominis
1055 1795 1126 1890 est,
1147 1795 1287 1875 idcirco

147 1937 283 1989 murus
299 1929 340 1988 et
351 1913 647 1990 munimentum
659 1911 840 1990 Ecclefiae
857 1909 963 2005 ellet,
979 1937 1050 2018 per
1065 1908 1182 1988 suum
1195 1907 1287 1986 latus

148 2022 364 2101 Ecclesiam
394 2025 477 2131 peti
503 2024 621 2103 dicat.
681 2022 844 2130 Abigite
871 2021 1010 2132 procul
1040 2019 1089 2100 ab
1113 2018 1288 2100 Ecclefiae

148 2133 264 2243 septis
283 2137 584 2215 concionantem
607 2136 773 2244 lupum3
804 2162 944 2214 vocem
962 2134 1073 2213 illam
1096 2130 1288 2212 hircinam

146 2265 206 2326 tot
221 2247 360 2354 stupris
376 2266 415 2326 et
426 2248 626 2327 adulteriis
638 2249 892 2356 impuratum,
906 2244 1055 2354 populo
1066 2243 1184 2324 verba
1196 2243 1287 2323 dau·

148 2377 230 2438 tem
253 2357 338 2439 imi>
357 2360 607 2453 vendentem,
629 2357 748 2467 idque
767 2358 789 2438 ὲ
810 2358 1019 2467 superiore,
1034 2357 1145 2464 quod
1158 2356 1286 2462 jactat,

147 2471 250 2562 loco,
264 2496 313 2548 ne
326 2470 485 2550 siveritis
504 2474 544 2550 in
565 2470 669 2550 sacro
683 2492 787 2551 coetu
806 2465 977 2579 amplius
992 2469 1133 2548 audiri.
1194 2467 1285 2546 Pro·

147 2579 251 2661 fedo
268 2579 571 2662 erthnicorum
587 2582 753 2690 legibus,
767 2583 874 2663 verbi
890 2581 1014 2688 gratia
1029 2581 1184 2659 Solonis
1198 2606 1284 2657 cau-

148 2713 234 2772 tum
250 2693 320 2787 est,
334 2696 472 2801 nequis
486 2693 640 2774 Rhetor
654 2695 896 2804 turpitudine
913 2694 999 2772 vitae
1009 2711 1179 2785 notatus,
1195 2691 1286 2771 civi-

146 2805 226 2884 lem
246 2806 478 2885 concionem
498 2806 669 2888 habendi
689 2810 736 2886 ad
763 2806 974 2915 populum,
994 2833 1042 2884 ne
1062 2807 1285 2884 Atticorum

146 2918 350 3025 quidemfi
366 2918 631 2998 disertiffimus
652 2918 795 3013 firiffet,
809 2919 874 3024 jus
890 2917 1063 3009 haberet,
1083 2912 1285 3051 additsgue

143 3030 322 3140 praeclara
337 3032 434 3109 ratio
450 3030 520 3123 est,
534 3031 621 3139 plus
633 3031 820 3140 exemplo
831 3058 969 3109 nocere
982 3048 1155 3136 turpem,
1168 3053 1284 3136 quam

42 3144 45 3149 ’
143 3146 319 3223 oratione
350 3145 529 3249 quamvis
560 3143 763 3223 castillimd
794 3162 910 3249 atque
941 3140 1171 3219 sanctiffimd
1197 3166 1284 3247 pro·

144 3255 259 3348 delle,
273 3282 353 3361 quo
373 3256 492 3333 etiam
510 3256 670 3334 nomine
681 3252 934 3346 Timarchus,
949 3253 1009 3331 vir
1023 3253 1126 3330 inter
1142 3252 1284 3360 primos

144 3366 249 3446 illius
263 3365 436 3475 Reipub.
452 3366 652 3446 accusante
661 3364 1074 3458 AEschine‚damnatus
1087 3363 1158 3457 est,
1165 3389 1285 3471 quan·

145 3496 184 3556 to
197 3478 252 3556 est
264 3478 461 3584 indignius
476 3477 726 3558 scortatorem
739 3498 855 3586 atque
867 3478 1089 3557 adultorum
1102 3493 1284 3583 tanquam

144 3589 225 3668 Dei
242 3591 426 3668 nuntium
439 3609 478 3668 et
491 3591 729 3682 ministrum,
742 3590 790 3670 ad
804 3587 1074 3667 Christianum
1088 3587 1285 3696 Populum

144 3700 264 3778 sacras
281 3697 450 3780 habendi
468 3704 675 3782 conciones
688 3702 752 3808 jus
772 3704 812 3779 in
830 3700 1001 3781 Ecclefia
1018 3697 1284 3808 perniciofilli·

143 3839 257 3889 mum
277 3811 467 3890 obtinere.
528 3813 668 3893 Nolite
685 3813 950 3905 committere,
968 3831 1012 3890 ut
1030 3810 1282 3917 Magistratus

143 3920 352 4015 Ethnicus,
369 3925 529 4061 Deigue
545 3953 699 4033 expers,
713 3925 927 4031 religiosior
938 3942 1054 4031 atque
1067 3921 1233 4001 sanctior
1247 3921 1284 3999 in

142 4033 229 4114 foro
260 4034 386 4129 fuisse,
407 4064 528 4143 quam
549 4036 699 4116 Christi
729 4036 832 4116 sacra
863 4035 1029 4143 synodus
1054 4034 1095 4112 in
1116 4033 1283 4114 Ecclesia

143 4147 217 4226 esse
243 4145 433 4227 videatur.
494 4149 633 4228 Nolite
661 4150 799 4242 vereri,
820 4175 941 4256 quem
966 4146 1037 4224 iste
1060 4144 1283 4254 scrupulum

141 4259 306 4338 callidus
327 4258 516 4364 injecit,s1
536 4287 629 4338 eum
645 4288 767 4367 quem
786 4257 1038 4368 approbdstiS,
1059 4258 1126 4336 cui
1145 4256 1283 4337 sanslas

141 4398 279 4453 manus
291 4371 540 4480 imposuistis,
558 4372 623 4451 cui
639 4398 803 4480 gregem
817 4371 899 4451 Dei
918 4369 1184 4463 commisistis,
1201 4396 1283 4481 per·
