2888 5204
424 531 663 632 Defensm.
704 541 822 669 Cap.
857 575 891 630 1.
1179 572 1227 655 17

63 708 232 814 quidem
259 709 426 791 ferimus
454 731 679 822 tyrannum.
740 714 855 792 Pater
878 710 905 789 fi
927 708 1052 789 filium
1075 709 1220 817 intersi-

61 822 130 914 cit,
162 824 298 933 capite
329 852 464 933 poenas
494 826 627 905 dabit:
657 852 729 904 cur
751 852 830 904 non
859 824 957 903 item
983 850 1054 901 rex
1079 823 1217 901 eidem

56 930 269 1035 justiffima
288 936 375 1043 lege
391 937 600 1030 tenebitur,
614 937 641 1016 fi
657 936 868 1047 populum,
882 936 921 1014 id
933 934 990 1013 est
1001 934 1101 1013 filios
1114 934 1215 1027 suos,

61 1044 294 1151 perdiderit,
315 1048 525 1155 praesertim
541 1076 636 1128 cum
655 1068 780 1159 pater,
801 1067 845 1127 ut
864 1075 914 1125 ne
929 1066 1039 1154 pater
1054 1047 1113 1139 srt,
1129 1046 1215 1124 effi-

59 1182 146 1234 cere
174 1185 257 1238 non
281 1160 412 1269 poffit,
434 1187 501 1239 rex
522 1158 637 1240 facile
661 1161 791 1270 possit,
812 1178 857 1238 ut
875 1186 1003 1265 neque
1026 1177 1135 1266 pater
1154 1157 1213 1250 fit,

60 1294 191 1375 neque
211 1299 297 1350 rex.
357 1272 478 1384 Qod
501 1272 707 1380 fidefacii
715 1272 912 1382 qualitate,
929 1269 1036 1378 quod
1049 1271 1118 1363 ais,
1130 1268 1213 1349 inde

61 1379 337 1463 estimandum
355 1385 425 1477 est,
447 1384 520 1463 tibi
539 1384 644 1479 dico,
661 1383 879 1493 peregrine,
895 1401 935 1460 et
950 1382 1064 1461 rebus
1075 1382 1213 1461 nostris

60 1491 292 1574 alieniflime
320 1494 425 1575 testis
448 1496 625 1576 oculatus
643 1513 685 1577 et
702 1495 887 1602 indigena
906 1494 978 1573 tibi
998 1493 1112 1587 dico;
1142 1521 1212 1573 nos

59 1628 198 1709 regem
227 1633 355 1714 neque
383 1605 512 1688 bonum
534 1634 661 1716 neque
668 1605 825 1717 justum,
846 1634 973 1712 neque
992 1605 1211 1698 clementem,

60 1740 189 1823 neque
220 1718 439 1825 religiostem,
464 1746 592 1827 neque
611 1721 730 1828 pium,
751 1746 878 1825 neque
895 1716 1117 1825 perficam
1147 1716 1210 1797 sed

59 1821 217 1908 hostem
239 1858 364 1940 prope
389 1830 659 1924 decennalem,
680 1859 753 1910 nec
775 1851 977 1939 parentem
996 1830 1128 1938 patriae
1147 1827 1211 1908 scd

59 1939 295 2022 vastatorem
316 1941 360 2021 de
376 1941 688 2054 medrbfiestuliffe.
750 1942 848 2023 Solet
866 1941 1045 2048 haesteri,
1062 1939 1209 2034 fateris,

59 2048 213 2132 inficias
231 2056 340 2133 enim
360 2054 416 2133 ire
436 2082 515 2133 non
534 2058 667 2149 audes,
674 2053 749 2161 fid
762 2083 831 2134 non
846 2050 872 2132 d
887 2053 1112 2161 reformatis,
1128 2053 1214 2160 regi

57 2161 273 2269 refirrmato.
327 2167 538 2273 ¹Siquidem
562 2165 795 2246 reformatus
821 2165 852 2245 is
879 2167 959 2244 dici
978 2165 1118 2273 potest,
1139 2167 1209 2272 qui

58 2271 214 2383 scriptis
235 2276 284 2357 ad
305 2279 457 2386 Papam
479 2278 617 2372 literiS,
638 2277 926 2358 Sanctiffimum
947 2276 1209 2412 appellaverat

58 2384 235 2482 Patrem,
263 2389 333 2497 qui
363 2389 530 2498 Papistis
558 2392 704 2499 aequior
729 2390 882 2498 semper
911 2416 1031 2495 quam
1054 2385 1206 2466 Ortho-

54 2496 171 2595 doxis
190 2498 282 2579 fuit.
341 2502 453 2581 Talis
472 2497 567 2581 ciem
587 2501 721 2595 suerit,
742 2529 790 2580 ne
812 2500 884 2580 suae
903 2501 1067 2607 quidem
1088 2497 1206 2578 fami-

54 2605 116 2687 liae
135 2611 289 2720 primus
309 2609 331 2691 a
350 2611 570 2693 reformatis
593 2613 649 2694 est
666 2612 709 2693 de
724 2612 835 2692 medio
855 2611 1038 2692 sublatus.
1069 2612 1204 2724 Qid?

54 2718 138 2824 ejus
153 2725 239 2802 avia
251 2724 383 2804 Maria
398 2752 526 2804 nonne
538 2722 561 2804 a
573 2724 794 2805 reformatis
810 2743 926 2804 exuta
942 2751 1062 2831 regno
1079 2722 1204 2804 solum

52 2850 205 2914 vertere
232 2839 365 2916 conda
394 2836 465 2929 est,
485 2836 679 2946 supplicio
707 2838 872 2915 demum
892 2837 1031 2943 capitis
1050 2834 1203 2930 affecta,

52 2969 102 3022 ne
123 2947 250 3027 Scotis
269 2947 432 3056 quidem
452 2947 672 3029 reformatis
690 2946 790 3056 aegre
811 2946 1053 3027 ferentibus?
1074 2945 1157 3026 imo
1177 2949 1205 3026 sr

52 3081 218 3163 operam
246 3059 448 3139 contulisse
476 3061 622 3153 dicam,
652 3057 757 3139 haud
787 3060 967 3139 mentiar.
1029 3059 1075 3138 ln
1099 3077 1204 3138 tanta

53 3188 190 3248 autem
219 3198 359 3279 regum
388 3172 671 3279 reformatorum
700 3171 910 3280 paucitate,
939 3168 1039 3249 nihil
1069 3168 1202 3275 hujus-

52 3280 165 3361 modi
194 3282 386 3374 accidisse,
408 3301 453 3363 ut
479 3311 617 3364 eorum
645 3283 785 3390 aliquis
804 3301 932 3362 morte
952 3283 1201 3393 plecteretur,

52 3392 216 3472 nonest
245 3396 351 3501 quod
382 3395 586 3475 miremur.
645 3395 783 3474 Licere
814 3414 947 3474 autem
975 3421 1111 3500 regem
1131 3422 1200 3473 ne·

50 3529 191 3609 quarn,
222 3505 297 3585 five
328 3523 537 3613 tyrannum
572 3532 694 3613 regno
724 3507 885 3616 pellere,
914 3505 976 3584 vel
1008 3505 1201 3613 supplicio
1235 3513 1238 3519 ’

49 3618 208 3721 quovis,
226 3636 346 3726 prout
373 3618 535 3699 meritus
563 3619 651 3710 erit,
681 3619 836 3726 punire,
863 3618 1000 3720 (etiam
1024 3616 1200 3695 summo-

49 3752 143 3807 rum
176 3727 363 3808 sententid
392 3728 710 3837 Theologorum,
743 3729 854 3837 quii
885 3727 911 3806 si
943 3726 1200 3807 reformande

50 3837 220 3919 ecclefiae
238 3837 419 3920 authores
438 3840 566 3949 fuere)
587 3841 686 3921 aude
707 3859 749 3920 tu
767 3757 886 3920 modh
901 3866 1055 3948 negare.
1089 3842 1199 3920 Con-

49 3950 158 4031 cedis
179 3946 300 4058 quim
320 3952 512 4061 plurimos
537 3980 647 4061 reges
671 3980 748 4032 non
770 3951 866 4032 fleca
885 3970 1012 4032 morte
1033 3952 1199 4062 periisse,

48 4056 160 4141 hunc
184 4061 323 4167 gladio,
352 4063 469 4144 illum
496 4094 645 4158 veneno,
674 4063 797 4143 alium
827 4063 1003 4169 squalore
1035 4066 1200 4146 carceris
1323 4148 1336 4165 ,

47 4191 117 4253 aut
144 4174 284 4282 laqueo.
345 4177 544 4256 Omnium
573 4194 705 4255 tamen
735 4174 812 4256 hoc
839 4175 911 4254 tibi
931 4173 1197 4256 miserrimum

48 4284 267 4378 videtur,ct
278 4287 441 4366 monstri
453 4287 788 4395 quiddamfimile,
802 4314 937 4394 regem
951 4287 992 4365 in
999 4287 1198 4392 judicium

48 4395 207 4488 adduci,
236 4396 384 4503 caustum
412 4399 545 4506 capite}
572 4398 690 4480 dicere
712 4401 890 4490 craesum,
912 4398 1197 4493 condemnatum,

32 4506 173 4611 securi
188 4508 408 4618 percuffiem.
467 4511 547 4590 Dic
576 4509 692 4603 mihi,
724 4508 847 4589 homo
878 4509 1198 4617 infipientiffime,

46 4646 176 4700 annon
197 4618 425 4712 humanius,
445 4648 573 4702 annon
593 4623 754 4730 aequius,
775 4650 904 4701 annon
924 4621 973 4700 ad
988 4623 1093 4727 leges
1109 4650 1199 4701 om·

43 4731 160 4814 nium
188 4733 397 4815 civitatum
426 4733 716 4814 accomodatius
746 4734 815 4828 est,
834 4732 1099 4840 cujuscunque
1119 4734 1197 4813 cri-
