2888 5204
158 191 236 290 298
455 177 546 269 Pro
572 167 759 303 Populo
785 168 1060 301 Anglic'ano

152 350 327 457 agmine,
357 347 541 428 ferociter
558 345 817 441 obsederuut;
845 346 1063 427 collocatos·
1082 345 1142 425 ibi
1164 346 1289 425 militet

156 460 384 542 stationibus
410 459 684 552 deturbdrunt,
716 486 844 539 unum
865 459 916 537 ad
936 457 1040 567 ipsas
1065 458 1187 539 curiae
1209 456 1291 539 soree

153 574 397 665 occiderunt,
417 571 645 681 priusquam
670 569 759 650 illos
777 571 841 650 vel
862 570 969 651 dieto
991 569 1060 651 vel
1081 569 1190 651 fusto
1205 567 1290 678 quis·

153 713 277 793 quam
297 684 518 765 lacessisset:
550 683 642 762 inde
662 680 807 763 meritb
825 681 926 790 pulfi
944 710 992 762 ac
1010 680 1121 763 malle
1140 681 1291 773 multati,

158 795 265 877 haud
277 797 379 877 ultra
392 798 491 876 duos
502 794 624 875 tresve
634 794 1031 888 occifi,vinolentiam
1043 790 1182 905 potius
1191 790 1291 903 quim

156 907 366 989 libertatem
379 906 587 1016 spirantes.
648 907 792 987 Paffim
814 906 998 987 concedis
1015 906 1185 1015 potiores
1196 902 1294 1015 ΜΩ

152 1020 701 1130 Independentiumpartes,non
715 1047 877 1113 numero,
878 1016 954 1123 sed
959 1018 1104 1123 coetſslio
1116 1037 1156 1099 et
1166 1020 1292 1099 ve'rtrtt

152 1133 325 1214 militari.
385 1132 505 1211 Unde
519 1158 595 1239 ego
608 1150 648 1211 et
659 1131 749 1236 jure
765 1148 806 1210 et
820 1133 964 1211 merito
977 1130 1201 1239 superiores
1208 1156 1290 1241 quo·

154 1268 233 1354 que
254 1244 365 1325 fuisse
384 1243 579 1324 contendo
596 1273 606 1322 ε
636 1240 738 1323 nihil
755 1243 865 1322 enim
879 1242 937 1324 est
954 1260 1104 1323 natutae
1121 1242 1290 1323 conveni·

154 1360 300 1452 entius,
320 1353 421 1435 nihil
434 1355 590 1462 justius,
612 1352 714 1433 nihil
732 1351 908 1435 humano
927 1355 1066 1462 generi
1085 1355 1223 1435 utilius
1237 1371 1290 1433 rut

154 1470 311 1563 melius,
327 1466 449 1577 qualm
462 1487 508 1547 ut
519 1467 652 1547 minor
662 1467 816 1573 majori,
830 1494 907 1546 non
922 1493 1113 1547 numerus
1125 1492 1290 1557 numero,

153 1580 217 1660 sed
235 1583 358 1660 virtus
378 1580 529 1673 virtuti,
544 1578 753 1658 confilium
772 1578 932 1659 confilio
949 1578 1090 1673 cedat3
1120 1580 1194 1687 qui
1211 1604 1291 1686 pru·

152 1692 301 1784 dentid,
313 1692 383 1800 qui
396 1718 530 1769 rerum
541 1689 625 1784 usu,
638 1690 841 1785 industrid,
854 1709 970 1799 atque
981 1690 1130 1771 virtute
1142 1690 1292 1799 pollent,

151 1801 196 1883 hi
209 1803 297 1882 med
309 1803 473 1911 quidem
485 1802 949 1912 sententid,quantumvis
958 1800 1294 1911 pauci,quantovia

151 1943 334 2008 numero,
354 1916 485 2025 plures
504 1933 634 2008 erunt,
661 1934 701 1994 et
720 1914 913 2022 suffragiis
939 1914 1089 2023 ubique
1114 1915 1294 2024 potiores.

152 2028 289 2108 Multa
313 2026 471 2136 sparsim
497 2027 630 2107 inseris
655 2026 704 2106 de
726 2026 946 2121 Cromvello,
969 2054 1058 2134 quae
1083 2024 1296 2133 cujusmodi

151 2140 224 2221 srnt
243 2139 343 2219 infra
362 2139 610 2232 videbimus3
641 2138 690 2218 de
715 2140 876 2247 reliquis
893 2138 1118 2247 responsum
1132 2138 1297 2248 jampri-

152 2252 245 2329 dem
261 2252 446 2331 Salmafio
461 2251 531 2331 est.
562 2249 770 2357 Judicium
789 2278 948 2387 quoque
964 2252 1089 2359 Regis
1107 2278 1192 2333 non
1206 2278 1297 2360 prae·

153 2364 351 2456 termittis,
382 2363 564 2472 quamvis
597 2381 639 2440 et
669 2362 768 2442 illud
800 2392 824 2442 a
856 2389 1002 2470 magno
1038 2383 1109 2444 tuo
1141 2362 1298 2444 rhetore

151 2474 424 2556 miserabiliter
441 2475 489 2555 fit
506 2475 787 2555 declamatum.
847 2476 1044 2569 Proceres,
1065 2474 1107 2554 id
1123 2476 1199 2571 est,
1219 2476 1298 2555 Re·

150 2586 211 2692 gis
228 2607 476 2696 purpuratos,
494 2606 534 2666 et
553 2587 750 2666 ministros
770 2583 852 2665 ferd
871 2586 1032 2681 aulicos,
1049 2583 1072 2665 d
1083 2585 1297 2692 judicando

151 2700 264 2807 Rege
280 2703 335 2778 ais
354 2697 617 2779 abhorruisse:
650 2698 739 2778 Nos
764 2697 802 2776 id
828 2694 970 2807 parlim
993 2697 1153 2794 referre,
1180 2700 1298 2779 altero

150 2809 252 2890 libro
279 2811 532 2890 ostendimus.
591 2809 738 2890 Deinde
765 2810 959 2891 curiarum
977 2809 1125 2916 judices
1152 2811 1296 2917 erasos:

149 2922 280 3032 quippe
293 2922 362 3033 qui
371 2920 630 3031 responderant
647 2920 712 3031 effe
727 2939 858 3002 contra
869 2923 1026 3029 Angliae
1039 2923 1150 3030 leges,
1163 2927 1296 3029 Regem

137 3032 382 3142 judicioststi.
431 3033 579 3115 Nescio
591 3033 687 3143 quid
704 3053 797 3114 tunc
813 3034 1095 3144 responderint,
1108 3034 1189 3116 scio
1203 3034 1296 3143 quid

142 3148 227 3252 jam
247 3147 464 3256 approbent
478 3165 595 3255 atque
611 3144 847 3226 defendant:
877 3174 956 3227 non
971 3146 1028 3227 est
1042 3174 1208 3241 novum,
1223 3148 1294 3253 Ju-

148 3260 268 3354 dices,
288 3286 386 3368 quos
405 3255 572 3338 minimd
591 3257 717 3351 decet,
739 3258 987 3339 meticulosos
1004 3258 1092 3340 esse.
1152 3256 1293 3366 Praefi·

147 3372 250 3451 citur
276 3400 369 3478 erga
391 3368 557 3476 sordidae
586 3387 624 3448 et
638 3367 840 3474 sceleratae
872 3371 1004 3464 curia,
1026 3389 1106 3480 par
1134 3370 1292 3478 Prcests,

146 3481 405 3587 obscurffmus
419 3500 455 3563 et
468 3480 774 3590 petulantifflmus
788 3479 928 3562 nebulo.
960 3484 1023 3562 Te
1042 3480 1137 3563 verb
1156 3502 1218 3563 tot
1234 3484 1290 3563 vi-

148 3595 212 3672 tiis
232 3612 271 3672 et
285 3592 491 3673 sceleribus
504 3593 748 3685 obstrictum,
764 3594 891 3672 immo
905 3621 1056 3674 meram
1067 3595 1292 3704 spurcitiem

145 3731 303 3783 merum
319 3703 454 3797 scelus,
468 3705 586 3815 usque
602 3707 698 3784 adeo
713 3705 916 3785 obduxisse
928 3707 1054 3786 menti
1069 3725 1110 3786 ct
1127 3706 1289 3787 senfibua

145 3815 384 3908 callum,nis1
397 3835 463 3895 tua
476 3844 586 3897 mens
599 3817 730 3925 potius
745 3835 826 3896 tota
837 3817 958 3897 callus
971 3819 1092 3916 est,ut
1105 3820 1149 3899 iu
1157 3821 1291 3899 Deum

145 3924 297 4019 atheus,
318 3946 358 4006 et
376 3926 571 4008 sacrorum
590 3929 891 4023 contaminator,
914 3930 955 4008 in
972 3926 1157 4012 homines
1176 3929 1291 4011 inbu-

144 4067 299 4132 manus,
318 4038 503 4148 cujusque
521 4041 665 4149 optimi
684 4040 945 4120 calumniator
964 4041 1040 4121 esse
1059 4042 1174 4137 aufis,
1197 4041 1289 4151 quid

143 4152 249 4231 aliud
270 4152 326 4231 est
345 4151 419 4231 esse
440 4149 562 4260 quim
580 4179 815 4259 germanum
835 4153 1061 4235 Iscariotam
1076 4173 1196 4263 atque
1211 4156 1290 4235 dia-

142 4263 307 4345 bolum?
359 4266 553 4375 Qamvis
568 4283 702 4344 autem
719 4284 785 4345 tua
799 4265 1036 4374 vituperatio
1047 4265 1132 4347 laus
1144 4268 1291 4349 summa

143 4378 201 4469 s1t,
235 4398 365 4457 tamen
386 4377 692 4486 praestantislimo
713 4378 796 4457 viro
816 4380 881 4458 cui
901 4377 1083 4472 oblatras,
1117 4407 1191 4461 nec
1218 4404 1290 4459 non
