2888 5204
142 214 225 289 4²0
346 168 571 267 Authoris
596 167 656 263 ad
681 165 942 264 Alexandri
968 169 1108 263 Mori

142 350 226 427 vire
246 347 375 456 poffit.
434 346 555 452 Qod
576 345 777 452 reliquum
796 344 866 437 est,
895 345 1022 424 index
1049 340 1193 453 potibs
1213 369 1289 451 ope·

141 461 208 555 ris,
228 457 349 568 quim
375 458 645 538 testimonium
670 458 751 537 dici
776 475 979 535 meretur:
1012 457 1185 565 quando
1202 456 1290 535 enim

144 572 250 651 aliud
270 572 377 680 quod
396 572 501 650 dicat
524 596 602 648 non
629 568 763 662 habet,
779 566 884 674 satis
896 567 1097 678 supquue
1124 568 1292 676 tssantur

144 684 288 791 inquit,
308 681 351 762 de
369 682 440 790 ipſsa
454 682 617 762 aliarum
634 681 883 781 Ecclefiarum
899 681 938 761 in
953 680 1092 789 quibus
1105 679 1213 761 ‘otkis
1224 676 1291 759 dit·

144 794 247 873 tisis:
278 793 388 903 parim
405 793 510 902 apud
523 823 587 874 nos
595 793 751 901 publica
769 793 984 873 documenta
1002 792 1062 873 ad
1077 822 1169 903 qua
1187 789 1292 883 nasib

145 906 386 1011 assentiendo
401 906 612 1015 referimus.
655 912 757 1019 Qae
771 934 850 985 vox
865 906 1180 985 detrectantium
1190 900 1292 1013 peni,

146 1039 187 1098 et
206 1019 373 1099 libenter
392 1017 469 1098 hoc
486 1019 648 1123 negotio
662 1018 849 1127 expedire
867 1017 903 1096 se
918 1019 1185 1126 cupientium
1199 1042 1292 1124 pror.-

147 1130 207 1210 sus
225 1131 404 1223 videtur3
436 1128 609 1238 facitque
638 1150 786 1209 utnon
815 1128 1019 1209 immeritb
1046 1129 1292 1238 suspicemur,

148 1243 419 1322 testimonium
433 1242 525 1335 hoc,
539 1243 692 1322 tametfi
704 1241 819 1351 plani
832 1239 965 1347 friget,
980 1270 1063 1320 non
1079 1242 1163 1321 sine
1175 1240 1293 1331 sudore

148 1378 279 1435 tamen
300 1357 425 1440 Mori,
445 1355 683 1435 allaborante
712 1355 833 1433 etiam
853 1355 1055 1446 Hottono,
1078 1354 1220 1435 multis
1238 1379 1293 1437 tt·

148 1468 429 1576 pugnantibus,
446 1468 703 1574 impetratum
722 1464 823 1572 aegrb
843 1463 970 1545 fuisse.
1029 1466 1206 1574 Epilogi
1223 1465 1294 1545 lore

150 1580 205 1658 est
219 1576 593 1684 Curatorumscholae
608 1578 893 1659 testimonium.
933 1574 1095 1657 Verum
1115 1579 1159 1657 in
1181 1574 1294 1657 schol!

147 1693 246 1798 quid
266 1711 306 1769 tu
328 1691 569 1783 declamites,
587 1691 683 1798 quid
702 1691 855 1782 recites,
874 1709 944 1770 aut
960 1688 1295 1797 quemadmodum

149 1822 187 1881 te
201 1830 325 1910 geras,
343 1831 470 1911 neque
487 1804 584 1883 tanti
600 1802 675 1882 esse
695 1831 782 1882 reor
796 1821 841 1881 ut
853 1801 1092 1909 cognoscere
1107 1824 1296 1890 curemus,

150 1943 278 2024 neque
304 1914 353 1993 ad
379 1913 479 1995 hanc
506 1914 661 1996 causam
687 1914 872 2023 pertinet.
931 1914 1072 1993 Vitam
1104 1934 1148 1995 et
1179 1936 1296 1995 meres

149 2048 238 2107 tuos
257 2028 506 2107 excutimus:
536 2055 635 2134 quos
663 2055 757 2107 cum
781 2025 845 2105 isti
864 2027 930 2107 vix
959 2027 1174 2134 attingere,
1195 2022 1296 2109 etad.

153 2140 283 2219 literas
303 2142 516 2249 superiores
531 2139 649 2219 malle
665 2167 736 2219 nos
751 2138 949 2218 remittere
964 2138 1193 2232 videantur,
1201 2134 1299 2246 quod
1333 2138 1336 2191 ¹

153 2252 200 2331 ad
213 2280 352 2332 eorum
366 2253 636 2333 testimonium
649 2251 932 2332 infirmandum
948 2248 1117 2344 satisfit,
1135 2245 1299 2360 superiitt

154 2391 314 2472 quoque
330 2366 482 2444 disium
497 2385 696 2474 putemus.
756 2363 821 2442 Ad
842 2361 965 2443 finem
983 2362 1203 2469 aliquando
1222 2386 1300 2471 per·

155 2478 335 2555 venimus
368 2495 443 2555 tuae
470 2476 584 2556 Fidei
615 2475 807 2585 publicae3
839 2503 926 2582 quae
953 2502 1006 2555 ex
1034 2475 1201 2555 Gallico
1231 2471 1301 2553 seri

152 2586 328 2667 sermone
347 2588 387 2665 in
406 2588 751 2668 Gallico-latinum
770 2587 965 2667 tralatitia
984 2584 1201 2667 inanislimi
1221 2584 1301 2669 libri

156 2701 375 2779 maximam
394 2720 547 2808 partem
567 2720 749 2808 occupat.
810 2700 956 2808 Copias
969 2699 1055 2805 jam
1071 2727 1215 2781 omnes
1229 2718 1302 2777 tuas

153 2840 249 2891 curn
263 2810 537 2920 supplemento
555 2815 676 2892 ctiam
692 2812 957 2891 lustravimus:
981 2813 1207 2921 peramplas
1219 2809 1302 2919 qui·

152 2925 336 3018 demeat,
353 2925 416 3004 sed
428 2925 476 3004 ad
492 2953 682 3034 pompam
695 2924 782 3005 sane
802 2922 948 3032 potibs,
964 2921 1087 3031 quim
1104 2924 1156 3003 ad
1169 2949 1301 3003 verum

154 3038 273 3117 robur
292 3057 549 3146 comparatas.
609 3039 685 3116 Hae
704 3037 792 3117 sunt
811 3037 954 3145 plumae
971 3054 1060 3129 tuae,
1077 3034 1151 3115 sub
1165 3035 1302 3145 quibus

152 3151 394 3230 corniculam
414 3151 564 3230 latitare
590 3169 627 3228 te
654 3142 752 3229 dixi.
813 3149 913 3229 Hac
932 3149 1045 3229 vestis
1071 3148 1142 3229 illa
1167 3146 1301 3229 multi·

153 3263 263 3341 color
281 3263 359 3371 quai
379 3264 549 3342 Morum
571 3290 717 3353 revera,
738 3262 778 3341 id
802 3260 858 3339 est
881 3263 1104 3341 morionem
1127 3282 1166 3339 te
1189 3259 1301 3339 indu·

156 3374 242 3453 isti:
276 3374 336 3455 his
357 3396 398 3453 tu
419 3373 588 3483 phaleris
614 3401 662 3452 nc
689 3375 885 3482 populum
904 3373 1069 3480 quidem
1089 3370 1299 3451 fefellerisr

156 3482 278 3594 tique
296 3488 321 3567 s1
342 3487 535 3595 sapuisses,
549 3506 616 3566 aut
632 3487 714 3565 ullo
729 3513 861 3564 rerum
877 3485 945 3565 usu
962 3484 1148 3593 praeditus
1162 3481 1300 3572 fuisses.

155 3599 300 3676 nullius
320 3598 403 3677 fore
425 3599 512 3678 usus
533 3598 605 3679 tibi
626 3595 706 3677 haec
726 3599 874 3690 omnia,
887 3598 994 3704 quod
1014 3596 1063 3677 ad
1085 3614 1199 3679 tuam
1217 3595 1301 3675 atti·

155 3729 222 3787 net
240 3711 409 3803 causam,
426 3709 541 3790 facile
561 3709 815 3790 intellixisses.
878 3708 1008 3790 Potest
1027 3703 1301 3819 fortassequis·

153 3820 276 3929 piam,
290 3821 400 3926 cujus
417 3850 561 3902 nomen
578 3823 726 3930 alioqui
742 3849 946 3928 nunquam
960 3819 1214 3913 audissemus,
1228 3838 1300 3899 tunt

155 3933 211 4012 sui
231 3935 456 4013 venditandi
484 3935 599 4014 causi
624 3933 745 4043 quim
775 3935 847 4027 tui,
869 3932 1068 4042 phalerata
1088 3933 1209 4013 verba
1236 3928 1300 4011 tibi

155 4046 322 4126 dedisse:
353 4048 479 4154 potest
498 4049 666 4127 aliorum
682 4047 810 4156 pudor
825 4066 864 4125 ct
879 4045 1032 4125 bonitas
1049 4042 1244 4151 flagitanti
1261 4067 1300 4120 ac

155 4159 322 4254 sudanti,
343 4179 383 4238 et
403 4161 467 4267 agi
481 4159 565 4265 jam
583 4179 692 4239 tuam
706 4158 1039 4239 existimationem
1054 4155 1196 4237 misere
1211 4181 1299 4264 que·

155 4275 271 4367 renti,
295 4272 372 4353 hoc
404 4274 602 4352 tantulum
634 4300 712 4351 non
743 4272 959 4379 denegasse.
1021 4270 1139 4349 Potes
1170 4291 1211 4348 tu
1239 4290 1301 4377 per

154 4384 384 4495 interpretes
397 4388 598 4465 Hottonos
613 4384 739 4464 multa
756 4382 961 4465 confecisse
978 4412 988 4461 ε
1017 4400 1213 4463 ettamen
1224 4374 1300 4489 post
