2888 5204
331 549 513 641 Contra
537 541 865 640 Alexandrum
890 547 1100 638 Morum.
1214 558 1292 662 389

138 736 311 829 nepotum
324 718 619 829 festmitatibus,
648 717 776 826 ausum
802 746 859 797 me
885 715 1075 823 cessuram
1101 743 1228 822 agere,
1257 732 1295 794 et

134 832 321 937 graviter
349 831 561 913 concr‘onari
589 830 633 911 de
658 828 818 939 Republ.
850 829 961 939 deque
991 828 1129 909 crarium
1163 826 1290 936 officio.

142 943 250 1054 Qis
269 971 349 1023 non
368 971 605 1051 germanum
625 962 664 1022 te
680 970 784 1024 nunc
799 943 905 1022 dicat
919 942 1191 1050 Epicureum?
1219 966 1292 1019 cu-

132 1053 201 1160 jus
220 1082 349 1165 neque
368 1058 411 1135 in
431 1055 608 1135 moribus
626 1053 820 1148 honestas,
845 1081 973 1163 neque
997 1053 1037 1131 in
1058 1052 1207 1162 scriptis
1227 1079 1292 1130 ur-

140 1166 294 1248 banitas
305 1168 386 1247 ulla
401 1167 630 1276 reperiatur.
666 1168 825 1247 Mirum
840 1194 917 1246 non
931 1165 987 1246 est
999 1165 1026 1245 sr
1039 1163 1116 1245 hoc
1131 1165 1293 1245 nomine

140 1276 295 1360 facetiis
309 1280 496 1360 omnibus
508 1277 692 1358 infensior
707 1279 767 1372 fis,
782 1276 877 1359 cirm
889 1279 982 1386 quia
998 1295 1189 1385 negantur
1203 1274 1291 1369 tibi,

140 1410 231 1469 tum
254 1392 349 1500 quia
376 1412 415 1471 te
441 1409 647 1502 pungunt:
679 1418 757 1470 non
788 1392 936 1469 mirum
965 1388 1035 1482 est,
1059 1387 1287 1498 inquam,s1

140 1502 216 1583 tibi
234 1522 317 1583 tam
337 1503 511 1583 ulceroso
529 1504 581 1582 sal
600 1504 730 1582 omnis
746 1504 930 1582 inimicus
949 1502 1018 1580 est.
1060 1501 1107 1579 ld
1126 1502 1290 1594 mirum,

141 1613 340 1697 Professor
357 1613 453 1696 cirm
473 1616 534 1709 fis,
558 1643 630 1695 cur
654 1612 757 1695 mihi
782 1613 1000 1694 succenseas
1027 1614 1098 1721 qui
1121 1613 1171 1691 fic
1198 1611 1291 1691 dili-

138 1746 282 1835 genter
308 1726 489 1808 salarium
518 1726 591 1807 tibi
615 1754 723 1810 curo.
781 1729 838 1806 At
857 1724 950 1806 verb
968 1752 1066 1833 quos
1091 1743 1133 1803 tu
1145 1721 1249 1828 jocos
1271 1724 1292 1803 l

139 1840 255 1948 lustro
267 1837 686 1950 popinrsquedestemptos
701 1837 798 1918 falso
814 1840 869 1917 ais
891 1836 978 1943 (nifi
998 1835 1221 1944 desumptos
1240 1864 1292 1916 ex

139 1951 272 2033 lustris
291 1952 440 2032 idcirco
457 1952 568 2045 dicis,
589 1949 697 2059 quod
723 1970 760 2030 te
786 1951 869 2030 illic
892 1950 1108 2029 latitantem
1134 1968 1291 2028 extrax-

140 2064 262 2171 erint)
283 2092 349 2144 eos
370 2064 398 2143 fi
416 2064 546 2144 caeteri
563 2090 700 2143 omnes
726 2091 804 2142 non
829 2061 1052 2142 inhonestos
1071 2080 1139 2142 aut
1161 2061 1291 2141 illibe-

141 2174 329 2269 rales,sed
341 2173 522 2257 honestos
535 2195 652 2283 atque
665 2175 832 2254 urbanos
843 2171 1029 2283 tua'unque
1042 2174 1292 2281 putredinem

139 2286 371 2397 perfricanti
384 2287 478 2369 sales
489 2286 682 2368 concessos
695 2315 771 2365 non
785 2287 1120 2393 negaverint,tum
1130 2285 1293 2393 quidem

140 2418 211 2479 tua
223 2398 444 2508 professoris
455 2399 583 2479 insulfi
599 2400 831 2506 ignorantia,
846 2418 889 2477 ut
901 2395 1066 2506 persaepe
1078 2392 1185 2489 aliis,
1199 2393 1293 2475 hinc

141 2509 232 2591 satis
248 2510 453 2592 manifesta
464 2512 520 2592 est
534 2513 603 2621 qui
618 2512 658 2590 id
674 2539 813 2619 parum
829 2510 1037 2589 convenire
1053 2509 1172 2601 dicas,
1186 2507 1294 2616 quod

141 2624 311 2703 Marcus
330 2624 489 2705 Tullius
508 2624 549 2701 in
571 2644 722 2703 oratore
743 2623 944 2702 summum
964 2620 1038 2701 esse
1059 2619 1204 2713 statuit,
1226 2619 1294 2699 ubi

142 2736 194 2817 de
210 2736 386 2816 oratione
406 2737 455 2816 L.
478 2735 600 2815 Craffi
621 2738 661 2814 in
679 2737 757 2814 Cn.
777 2735 1008 2815 Domitium
1029 2732 1181 2812 summa
1200 2759 1293 2811 cum

142 2848 402 2929 admiratione
431 2848 481 2928 fic
506 2848 694 2955 loquitur.
754 2849 845 2927 Nec
871 2848 978 2926 enim
1001 2846 1140 2926 concio
1169 2842 1295 2983 major

142 2987 323 3067 unquam
335 2957 425 3053 suit,
443 2988 515 3040 nec
527 2960 631 3068 apud
643 2959 839 3069 populum
853 2960 1007 3069 gravior
1021 2958 1160 3051 oratio,
1173 2982 1294 3066 quam

143 3069 262 3177 hujus
274 3093 409 3152 contra
424 3073 621 3178 collegam
633 3074 673 3151 in
686 3072 846 3151 censura
862 3099 1001 3181 nuper,
1017 3097 1145 3179 neque
1162 3069 1294 3178 lepore

143 3203 186 3264 et
203 3181 412 3265 festivitate
428 3183 636 3264 conditior.
696 3185 751 3263 Et
763 3185 881 3292 paulo
896 3182 1010 3275 infra,
1024 3183 1064 3261 id
1078 3183 1146 3261 uni
1160 3180 1295 3260 Crasso

143 3292 348 3402 contigisse
363 3296 432 3388 ait,
454 3314 498 3376 ut
517 3322 596 3375 non
616 3293 741 3375 solbm
758 3293 1045 3374 venustiffimus
1060 3312 1101 3373 et
1120 3290 1294 3372 urbanis-

143 3406 279 3501 fimus,
304 3407 366 3487 sed
387 3427 427 3488 et
446 3409 629 3487 omnium
652 3407 894 3515 gravissimus
917 3424 956 3485 et
982 3403 1237 3485 severissimus
1256 3421 1296 3483 et

145 3518 240 3599 esset
258 3538 298 3598 et
317 3520 528 3600 videretur.
589 3522 700 3630 Qin
721 3520 841 3600 etiam
862 3516 1018 3597 Platoni
1034 3536 1074 3597 et
1089 3516 1295 3596 Socraticis

145 3628 249 3710 nihil
267 3633 395 3739 magis
413 3631 622 3711 convenire
641 3651 709 3711 aut
734 3630 901 3713 decuisse
922 3629 1048 3708 visum
1075 3628 1145 3720 est,
1173 3622 1294 3735 quim

146 3741 265 3823 rebus
286 3744 482 3823 interdum
503 3743 744 3823 severiffimis
760 3741 999 3822 intermistus
1014 3760 1132 3850 atque
1148 3738 1295 3847 insper-

146 3854 209 3935 sus
239 3854 363 3964 lepos.
422 3856 520 3935 Haec
544 3882 620 3961 ego
645 3857 735 3934 viris
760 3855 885 3935 doctis
916 3872 954 3934 et
986 3850 1295 3959 intelligentibus

145 3968 244 4075 quin
263 3986 304 4047 et
330 3966 442 4075 supra
467 3987 506 4047 et
530 3995 635 4047 nunc
658 3964 788 4047 denub
811 3965 897 4046 satis
924 3963 1187 4074 probaverim,
1217 3991 1296 4044 non

145 4077 302 4159 dubito.
333 4081 396 4158 Te
416 4080 575 4158 interim
595 4106 673 4158 non
694 4076 953 4186 reprehendo,
973 4078 1042 4185 qui
1061 4076 1214 4170 mollior,
1235 4076 1296 4155 in·

148 4192 254 4299 quis,
273 4190 398 4271 debuit
416 4190 481 4301 effi
498 4192 679 4295 trarfitus
696 4189 723 4270 ὰ
741 4188 826 4294 naso
843 4187 898 4269 ad
902 4189 1174 4297 supercilium:
1205 4215 1296 4269 nam

147 4303 368 4410 digitorum
384 4303 532 4384 Pontiae
550 4304 668 4383 credo
686 4299 815 4381 adhuc
834 4300 1062 4395 meministi,
1087 4298 1208 4411 qudm
1228 4300 1296 4379 iste

149 4415 328 4495 transitus
354 4415 422 4495 abs
447 4435 515 4494 tuo
541 4415 632 4495 naso
662 4415 710 4493 ad
735 4412 942 4525 supercilia
972 4412 1139 4494 minime
1165 4411 1297 4492 mollis

147 4525 283 4607 fuerit.
343 4528 535 4608 Foelicem
552 4546 589 4607 te
609 4525 830 4635 quidem,s1
851 4525 929 4606 boc
949 4544 1036 4605 tum
1055 4522 1298 4604 muliercula

148 4637 409 4749 persuafisses:
440 4638 503 4719 sed
532 4638 582 4718 de
610 4658 811 4719 oratorum
836 4635 1139 4727 transitionibus,
1160 4635 1296 4728 More,

140 4751 342 4857 judicium
361 4750 479 4860 longe
499 4750 605 4831 aliud
621 4749 848 4831 faciendum
865 4748 936 4828 est.
976 4750 1037 4829 At
1055 4747 1150 4853 leges
1154 4744 1299 4853 scribo,
