2888 5204
144 586 223 695 326
415 573 506 666 Pro
525 566 713 704 Populo
738 566 1008 702 Anglicano

141 774 220 855 que
232 746 408 853 ignavos,
422 744 606 855 impensis
621 743 790 854 publicis
805 744 858 823 ali
869 772 1028 855 aequum
1042 742 1214 841 senseris,
1225 743 1277 826 sod

134 857 221 964 jam
236 859 374 951 dusiis,
389 856 474 961 jam
492 855 758 937 benemeritis
772 858 980 938 doctorum
994 859 1158 968 praemia
1172 856 1278 938 reser-

141 971 305 1050 vaveris.
363 971 474 1048 Tum
495 969 522 1047 fi
542 967 663 1049 libere
678 966 947 1079 philosophari
964 969 1190 1052 volentibus
1204 998 1280 1080 per·

143 1081 308 1175 miseris,
322 1108 409 1190 quae
421 1079 580 1175 habent,
597 1080 675 1160 fine
688 1081 897 1190 magistelli
909 1080 1130 1192 cujuspiam
1142 1083 1280 1194 privato

143 1195 340 1288 examine,
365 1192 433 1273 suo
457 1194 633 1304 periculo
656 1194 698 1272 in
721 1194 854 1274 lucem
873 1192 1076 1303 proferre:
1107 1195 1164 1276 ita
1186 1195 1282 1275 enim

144 1304 321 1386 maxime
339 1307 480 1385 veritas
499 1304 736 1387 effloruerit:
767 1332 839 1385 nec
866 1306 1176 1388 semidoCtorum
1194 1307 1283 1389 sem·
1322 1332 1325 1407 j

144 1447 216 1528 per
235 1418 309 1496 five
329 1417 501 1512 censura,
520 1418 595 1497 five
608 1418 770 1512 invidia,
787 1419 863 1498 five
880 1421 1049 1499 tenuitas
1065 1421 1207 1515 animi,
1218 1421 1283 1501 five
1323 1452 1325 1497 i

144 1530 362 1640 superstitio
375 1530 544 1610 aliorum
563 1533 734 1624 inventa,
750 1558 990 1639 omnemque
1003 1529 1211 1613 scientiam
1228 1530 1283 1612 suo
1323 1582 1325 1617 :

145 1642 308 1723 modulo
329 1643 526 1736 metietur,
539 1641 685 1750 suoque
706 1642 866 1722 arbitrio
886 1643 998 1724 nobis
1014 1643 1281 1752 impertiverit.

146 1753 350 1837 Postremb
364 1754 390 1833 fi
404 1754 483 1862 ipse
496 1781 622 1862 neque
635 1782 774 1833 verum
792 1783 920 1863 neque
933 1754 1093 1852 falsum,
1105 1755 1282 1866 quicquid

145 1869 186 1947 id
206 1868 276 1961 est,
297 1866 431 1946 audire
450 1867 661 1947 metueris:
693 1895 759 1946 eos
774 1887 909 1946 autem
928 1866 1099 1948 minime
1112 1871 1282 1949 omnium
1323 1892 1325 1899 ·

145 1979 328 2071 audieris,
348 1978 417 2085 qui
438 1977 512 2055 sese
533 1978 674 2058 liberos
697 1978 772 2058 effe
798 2007 875 2059 non
901 1980 1084 2075 credunt,
1114 1981 1186 2060 nili
1211 1980 1283 2060 aliis

146 2090 220 2170 effe
241 2090 386 2182 liberis,
411 2117 480 2198 per
504 2090 605 2200 ipsos
630 2118 709 2170 non
734 2091 872 2187 liceat;
903 2119 975 2171 nec
998 2090 1208 2173 studiofiirs
1227 2110 1283 2173 aut

144 2202 353 2282 violentius
366 2203 583 2311 quicquam
594 2222 730 2310 agunt,
742 2201 864 2311 quim
877 2223 920 2284 ut
932 2202 1102 2284 fratrum
1115 2233 1196 2285 non
1208 2232 1282 2283 cor·

144 2315 306 2425 poribus
326 2313 447 2394 modb
466 2314 530 2393 sed
549 2314 795 2396 conscientiis
817 2344 975 2424 quoque
985 2316 1147 2398 vincula
1167 2317 1283 2423 injici

145 2448 226 2521 ant,
240 2427 522 2537 peffimamque
536 2429 718 2506 omnium
732 2428 992 2535 tyrannidem,
1005 2429 1067 2508 vel
1087 2454 1282 2539 pravarum

144 2539 474 2620 consuetudinum
488 2537 551 2617 vel
568 2540 803 2647 opinionum
823 2539 979 2620 suarum
995 2541 1091 2621 etin
1105 2541 1282 2652 rempub

146 2651 264 2731 licam
284 2671 324 2732 et
348 2652 388 2729 in
410 2650 624 2730 Ecclesiam
645 2652 854 2731 inducant:
885 2670 929 2730 tu
948 2653 997 2731 ab
1021 2681 1164 2734 eorum
1188 2670 1282 2764 parte

147 2764 299 2874 semper
319 2763 483 2856 steteris,
507 2765 577 2870 qui
602 2791 681 2843 nou
710 2763 817 2844 suam
847 2766 1125 2845 tantummodo
1154 2766 1282 2845 sesiam

147 2895 215 2955 aut
233 2875 460 2967 faetionem,
478 2874 540 2954 sed
560 2904 696 2955 omnes
716 2874 824 2984 aeque
843 2878 961 2970 cives,
981 2878 1122 2985 aequali
1135 2877 1226 2984 jure
1244 2877 1282 2956 li·

145 2987 257 3068 beros
270 2986 344 3066 effe
359 2987 400 3065 in
415 2988 573 3067 civitate
590 2988 825 3068 arbitrantur
840 3007 1033 3098 oportere.
1069 2990 1171 3070 Haec
1186 2992 1211 3070 fi
1229 2988 1282 3069 cui

146 3098 233 3178 satis
252 3099 408 3178 libertas
421 3128 498 3177 non
513 3099 582 3195 est,
598 3129 684 3208 quae
700 3101 862 3207 quidem
884 3098 906 3180 ὲ
923 3101 1213 3208 magistratibus
1224 3128 1282 3181 er·

147 3209 275 3291 hiberi
306 3211 446 3320 potest,
479 3212 510 3290 is
536 3212 639 3291 mihi
667 3213 891 3292 ambitionis
925 3232 1044 3321 atque
1074 3213 1281 3303 turbarum,

146 3351 267 3432 quam
282 3324 469 3404 libertatis
481 3325 659 3430 ingenuae
671 3324 872 3404 studiofior
885 3325 1061 3421 videtur;
1087 3327 1282 3433 praesertim

145 3465 241 3516 cum
256 3437 422 3545 agitatus
443 3453 500 3514 tot
515 3434 748 3516 fadionibus
767 3436 937 3546 populus
956 3456 1001 3516 ut
1019 3439 1108 3547 post
1127 3435 1282 3548 tempes-

146 3567 284 3643 tatem,
300 3545 393 3628 cbm
415 3545 554 3627 fluctus
571 3549 749 3627 nondum
769 3549 1004 3642 resederunt,
1018 3551 1164 3630 statum
1180 3552 1280 3631 illurn

147 3690 281 3743 rerum
296 3660 513 3770 optabilem
524 3678 641 3767 atque
658 3659 893 3770 perfeetum,
906 3661 987 3771 ipse
1003 3690 1083 3741 non
1100 3664 1280 3743 admittat.

206 3774 317 3853 Nam
336 3791 376 3851 et
390 3800 473 3865 voc,
490 3773 647 3867 dcives,
663 3775 797 3880 quales
818 3774 888 3882 ipfi
907 3775 985 3855 fitis
1004 3775 1052 3854 ad
1073 3775 1280 3857 libertatem

147 3885 211 3964 vel
227 3885 504 3992 acquirendam
524 3886 587 3964 vel
604 3885 848 3965 retinendam
863 3884 967 3966 haud
984 3889 1096 3995 parvi
1114 3886 1278 3970 interest:

148 3997 218 4076 nifi
234 3997 390 4076 libertas
410 3995 599 4101 ejusmodi
615 3997 674 4090 fit,
691 4026 777 4105 quae
796 4025 923 4106 neque
943 4001 1068 4109 parari
1088 4003 1208 4083 armis
1224 4025 1281 4078 nc-

148 4137 225 4214 que
241 4107 385 4188 auferri
401 4109 530 4217 possit,
544 4137 589 4189 ea
608 4129 742 4189 autem
759 4110 836 4190 sola
852 4111 922 4205 est,
940 4140 1026 4220 quae
1041 4115 1204 4223 pietate,
1212 4107 1280 4220 jus·

148 4220 249 4312 titis,
287 4221 558 4328 temperantis,
585 4222 675 4302 verri
706 4223 876 4331 denique
903 4225 1046 4305 virtute
1071 4247 1176 4321 nata,
1203 4224 1279 4304 altas

148 4350 266 4439 atque
282 4332 440 4411 intimas
457 4335 602 4413 radices
618 4336 759 4415 animis
772 4335 907 4416 vestris
920 4338 1059 4443 egerit,
1074 4365 1155 4419 non
1176 4334 1281 4418 deerit

149 4442 327 4553 profesto
346 4446 416 4552 qui
435 4446 545 4525 vobis
567 4446 695 4541 istam,
716 4476 838 4556 quarn
857 4449 897 4527 vi
916 4466 1034 4557 atque
1054 4452 1176 4531 armis
1193 4475 1282 4558 qua·

149 4559 269 4638 fivisse
281 4558 522 4664 gloriamini,
536 4560 657 4638 etiam
669 4560 746 4640 fine
761 4561 881 4640 armis
896 4560 977 4640 citb
989 4563 1146 4671 eripiat.
1186 4559 1282 4643 Mul·

148 4689 208 4750 tos
219 4670 370 4749 bellum
387 4672 514 4765 auxit,
528 4699 626 4778 quos
642 4699 720 4780 pax
735 4673 905 4752 minuit:
928 4672 954 4751 fi
969 4673 1169 4781 perfunsii
1180 4672 1282 4759 bello,

149 4784 255 4892 pacis
277 4781 401 4862 studia
421 4783 687 4891 neglexeritis,
706 4784 732 4865 fi
752 4785 904 4864 bellum
925 4813 1003 4894 pax
1023 4786 1165 4881 vestra,
1186 4804 1284 4892 atque
