2888 5204
467 556 693 660 Defensio
717 560 946 660 Secunda.
993 549 995 553 ¹
1201 580 1280 684 269

131 731 284 815 Christi
299 737 510 818 Servatoris
525 736 646 818 nostri
661 738 797 818 divino
808 736 1033 818 testimonio
1051 739 1281 847 compertis-

129 845 276 926 fimum
296 848 356 943 sit,
381 847 724 939 illumhominem
743 850 793 930 ab
813 849 848 929 se
867 849 1057 942 sanatum,
1081 877 1207 958 neque
1226 849 1279 929 ob

126 957 260 1053 suum,
276 987 404 1069 neque
419 959 471 1041 ob
483 979 693 1071 parentum
708 961 868 1042 suorum
884 961 1043 1069 aliquod
1055 981 1277 1071 peccatum,

127 1072 255 1151 etiam
274 1070 323 1151 ab
343 1090 454 1153 utero
474 1070 767 1153 caecumfuiffe.
825 1072 890 1152 Ad
910 1100 975 1152 me
995 1073 1103 1182 quod
1125 1074 1279 1168 attinet,

128 1200 169 1263 te
187 1181 321 1278 testor,
334 1185 461 1279 Deus,
474 1185 617 1264 mentis
635 1185 796 1278 intimae,
809 1184 1174 1294 cogitationumque
1190 1213 1281 1265 om-

126 1296 246 1376 nium
256 1295 476 1404 indagator,
490 1324 555 1376 me
571 1296 718 1376 nullius
733 1297 804 1390 rei,
822 1296 1067 1405 (quanquam
1082 1295 1159 1377 hoc
1174 1298 1278 1409 apud

126 1432 198 1487 me
218 1406 366 1517 saepius,
386 1427 426 1488 et
444 1405 566 1517 quam
586 1408 761 1488 maxime
780 1408 908 1516 potui,
934 1405 1032 1487 serio
1051 1409 1220 1517 quaefivi,
1241 1429 1281 1490 et

129 1517 298 1599 recessus
310 1520 947 1624 vitaeomnesexcuffi)nu11iusve1
959 1546 1093 1600 recens
1105 1521 1165 1600 vel
1181 1521 1280 1602 olim

128 1630 345 1726 commiffi,
356 1628 543 1713 mihimet
555 1631 755 1712 conscium
769 1630 975 1737 effe,cujus
987 1633 1166 1713 atrocitas
1178 1630 1280 1713 hanc

127 1739 235 1823 mihi
261 1770 340 1853 prae
363 1744 511 1824 caeteris
533 1742 798 1824 calamitatem
821 1770 967 1835 creare,
995 1762 1064 1823 aut
1087 1744 1279 1825 accersisse

128 1852 277 1935 merito
296 1858 483 1965 potuerit.
544 1856 667 1971 Qod
692 1856 813 1935 etiam
840 1853 923 1934 ullo
946 1873 1124 1965 tempore
1151 1855 1280 1965 scripsr

129 1963 344 2074 (quoniam
359 1965 435 2048 hoc
448 1994 552 2046 nunc
564 1994 629 2047 me
641 1968 749 2064 luere
761 1966 868 2075 quafi
884 1967 1087 2076 piaculum
1099 1968 1198 2074 regii
1209 1995 1281 2047 ex·

129 2076 323 2172 istimant,
335 2096 453 2187 atque
467 2077 567 2159 adeo
580 2077 843 2189 triumphant)
858 2078 975 2159 testor
986 2079 1280 2175 itidemDeum,

129 2214 200 2271 me
218 2187 323 2269 nihil
342 2189 558 2271 istiusmodi
570 2190 766 2301 scripfiffe,
782 2191 889 2299 quod
903 2217 981 2270 non
995 2194 1146 2271 rectum
1160 2210 1200 2273 et
1213 2222 1281 2272 ve-

130 2313 242 2396 rum,
256 2301 426 2412 Deoque
445 2322 604 2412 gratum
623 2302 712 2397 esse,
732 2321 772 2382 et
790 2301 1042 2412 persuaserim
1064 2320 1149 2383 tum
1162 2302 1281 2397 mihi,

129 2415 407 2495 etetiamnum
419 2414 615 2524 persuasus
627 2414 713 2509 fim,
725 2415 844 2523 idque
856 2414 963 2493 nulla
974 2413 1204 2510 ambitione,
1217 2416 1281 2495 lu-

128 2548 219 2619 cto,
231 2545 301 2606 aut
312 2525 439 2633 gloria
457 2528 611 2621 duetus,
626 2525 689 2607 scd
703 2526 839 2619 officii,
855 2524 918 2605 sed
934 2523 1102 2621 honesti,
1115 2525 1180 2606 sed
1195 2527 1281 2663 pie-

130 2636 225 2717 tatis
244 2637 286 2716 in
305 2638 472 2748 patriam
492 2639 641 2719 ratione
661 2638 755 2731 sola,
779 2664 853 2718 nec
872 2637 1095 2747 reipublicae
1111 2656 1281 2733 tantum,

131 2745 200 2829 sod
219 2749 401 2830 Ecclefiae
418 2778 577 2859 quoque
598 2749 804 2830 liberandae
825 2749 936 2830 causa
956 2746 1201 2859 potiffimirm
1220 2749 1282 2830 fe-

131 2858 252 2941 cisse:
283 2862 381 2942 adeo
397 2881 442 2942 ut
460 2890 554 2943 cum
569 2863 707 2942 datum
722 2858 824 2941 mihi
840 2859 998 2971 publice
1014 2861 1106 2942 esset
1121 2861 1221 2943 illud
1240 2863 1282 2942 in

131 2969 402 3054 defensionem
414 2974 565 3081 regiam
577 2975 799 3082 negotium,
814 2973 1032 3081 eodemque
1051 2993 1229 3082 tempore
1242 2993 1283 3054 et

133 3083 293 3165 adversa
318 3085 433 3166 simul
456 3086 694 3180 valetudine,
717 3103 757 3165 et
788 3085 905 3165 oculo
923 3084 1009 3190 jam
1086 3084 1136 3165 ne
1160 3087 1284 3166 altero

132 3193 272 3276 amitto
291 3197 547 3292 conflidtarer,
565 3198 894 3307 praedicerentque
914 3196 1053 3277 diserte
1073 3197 1234 3292 medici,
1255 3199 1283 3278 fi

133 3302 246 3387 hunc
268 3306 444 3390 laborem
463 3308 721 3418 suscepissem,
741 3307 841 3402 fore,
869 3328 914 3387 ut
938 3326 1153 3417 utrumque
1173 3309 1284 3389 brevi

132 3417 376 3515 amitterem,
406 3419 507 3501 nihil
537 3421 607 3501 ista
631 3420 928 3530 praemonitione
953 3420 1174 3514 deterritus,
1204 3447 1283 3501 non

133 3529 286 3611 medici
303 3530 354 3612 ne
373 3531 586 3643 AEsculapii
605 3533 770 3641 quidem
790 3532 996 3641 Epidaurii
1016 3559 1067 3611 ex
1086 3531 1192 3611 adito
1211 3560 1282 3612 vo-

133 3662 243 3736 cem,
263 3641 327 3723 sed
346 3644 549 3725 divinioris
567 3642 766 3749 cujusdam
786 3644 890 3723 intus
910 3643 1114 3722 monitoris
1133 3644 1286 3723 viderer

133 3750 242 3835 mihi
260 3753 409 3848 audire,
425 3754 596 3864 duasque
611 3754 744 3850 sortes,
764 3754 873 3835 fatali
887 3754 1060 3863 quodam
1076 3773 1189 3848 nutu,
1199 3756 1285 3862 jam

133 3861 242 3947 mihi
260 3865 489 3974 propositas,
510 3864 604 3945 hinc
623 3867 853 3959 cecitatem,
879 3865 969 3944 inde
987 3865 1187 3962 officium;
1218 3886 1287 3947 aut

131 3975 346 4059 oculorum
361 3977 554 4082 jaduram
585 3976 794 4059 necessario
823 3975 1059 4070 faciendam,
1083 3997 1152 4059 aut
1179 3978 1285 4059 sum·

134 4099 257 4169 m'um
279 4088 459 4170 officium
483 4089 763 4170 deserendum:
794 4088 1127 4196 occurrebantque
1152 4093 1287 4171 animo

131 4199 231 4283 bina
251 4199 319 4280 illa
337 4197 431 4294 fata,
455 4229 541 4310 quae
557 4202 725 4281 retulisse
746 4199 917 4311 Delphis
942 4200 1210 4282 consulentem
1236 4204 1286 4283 de

131 4311 174 4395 se
191 4330 380 4409 matrem,
400 4334 527 4394 narrat
542 4310 726 4392 Thetidis
745 4311 863 4395 filius.

252 4539 455 4644 Arxsoedsoer
472 4542 576 4648 κ’ἦρας
592 4538 728 4653 φερίμεν
747 4539 907 4624 θανάτοιό
920 4537 1073 4625 thecle.

253 4651 298 4734 Ei
315 4650 377 4764 pair
396 4655 428 4735 κ’
446 4654 523 4738 αὖθι
541 4649 644 4764 poitur
664 4651 785 4758 Tpoinr
803 4652 901 4736 πέλεν
917 4652 1197 4789 ἅμφιμάχψι,

247 4760 393 4851 *narro
410 4762 472 4878 μίν
488 4803 547 4878 μοι
564 4765 695 4861 νόστος.
716 4764 810 4875 drap
829 4761 928 4857 κλὲος
943 4761 1084 4864 ἄφθιτον
1104 4799 1221 4848 errat.
