2888 5204
271 126 450 215 Contra
477 119 801 215 Alexandrum
830 125 1038 214 Morum.
1144 160 1217 233 401

63 292 201 372 literas
219 326 229 386 ;
261 324 329 374 non
340 296 569 401 frigidulos,
592 298 697 402 quod
719 318 829 374 antea
850 297 985 374 dixisse
1006 325 1070 373 me
1089 298 1222 401 queri-

66 423 149 499 tur,
171 405 250 499 sed,
264 411 370 515 quod
391 436 496 487 nunc
516 408 925 514 dico,frigidill1mas;
948 436 1026 486 non
1047 427 1090 485 ut
1110 436 1221 484 com-

63 518 257 597 mendare
284 521 472 628 cuiquam
501 520 745 612 mortalium,
774 519 838 599 sed
869 522 1076 599 amandare
1106 517 1154 596 ab
1182 518 1219 597 se

62 622 278 708 hominem
294 629 409 739 plane
424 632 662 710 viderentur.
695 631 827 710 Hocfi
842 632 895 710 ita
910 659 988 710 non
1002 631 1072 724 est,
1086 631 1220 724 More,

58 739 227 848 ¹postulo
254 742 357 822 mihi
384 742 626 851 respondem,
647 771 717 822 cur
745 741 956 851 superiores
984 744 1068 821 illas
1088 743 1222 820 Gene-

62 851 248 932 venfium
280 854 423 948 literas,
458 853 564 935 haud
597 883 674 934 uno
707 857 867 934 nomine
901 855 986 959 jam
1018 853 1220 946 obsoletas,

62 990 234 1070 quaeque
254 967 468 1045 recentiora
485 966 657 1047 facinora
677 984 743 1045 tua
763 963 864 1044 ame
884 965 955 1044 tibi
976 961 1220 1074 potissimum

62 1071 237 1180 objedta,
263 1104 311 1155 ne
341 1079 539 1185 attingunt
565 1078 750 1188 quidem;
782 1108 867 1187 quae
894 1106 969 1185 ego
996 1079 1064 1156 vix
1092 1079 1220 1184 attigi,

64 1204 116 1264 ut
135 1184 268 1267 minus
289 1188 391 1268 mihi
410 1210 627 1297 comperta,
648 1189 885 1297 blasphemias
910 1216 1051 1297 nempe
1076 1208 1163 1266 tuas
1183 1190 1220 1267 in

65 1297 452 1405 Spiritumstantium,
467 1300 618 1412 alir'rque
632 1303 868 1411 opinionum
879 1300 1048 1379 monstra
1062 1296 1219 1378 uberius

63 1432 399 1507 commemorant,
420 1442 490 1494 cur
517 1432 555 1493 et
580 1414 666 1494 illas
692 1416 732 1491 in
754 1413 896 1521 quibus
920 1409 1061 1521 parlim
1082 1411 1152 1490 fibi
1171 1412 1220 1489 de

64 1538 109 1601 te
128 1523 237 1602 credi
256 1520 279 1602 lt
297 1526 491 1633 plerisque
511 1525 786 1633 subscriptores
807 1527 866 1605 tui
885 1543 1115 1632 queruntur,
1132 1551 1218 1615 cur,

63 1630 251 1741 inquam,
268 1636 352 1717 illas
373 1638 552 1745 utrasque
572 1638 614 1717 in
631 1638 809 1716 medium
824 1636 1048 1746 protuleris,
1063 1633 1131 1715 has
1148 1662 1221 1714 no-

66 1744 243 1826 viffimas
262 1748 311 1828 de
332 1749 464 1829 medio
484 1750 723 1829 removeris?
761 1751 873 1828 Cedo
889 1749 1088 1857 proximas
1110 1746 1221 1827 hasce
1260 1773 1265 1785 ·

67 1855 203 1938 literas
222 1860 309 1967 post
329 1863 490 1940 alteram
512 1863 552 1938 in
582 1880 618 1940 te
639 1859 925 1939 accusationem
945 1859 1054 1938 illam
1075 1858 1221 1966 gravis-

10 2066 13 2085 ι
70 1967 212 2049 limam
231 1970 281 2050 ab
306 1972 391 2052 aliis
417 1972 634 2079 aegerrime,
656 1973 704 2051 ab
729 1970 814 2051 aliis
840 1968 970 2063 facile,
990 1970 1053 2049 sed
1081 1971 1222 2049 eodem

10 2106 14 2147 -·
72 2080 135 2161 tui
155 2085 382 2163 removendi
403 2088 536 2163 animo
552 2084 600 2163 ab
620 2083 804 2163 omnibus
823 2081 1029 2162 concessas.
1090 2083 1222 2188 Sapies

72 2193 231 2302 opinor,
251 2222 330 2275 non
350 2193 578 2290 exhibebis3
611 2224 688 2275 non
709 2195 903 2274 delestant
923 2212 960 2272 te
981 2193 1058 2272 istae
1075 2192 1221 2271 literae:

74 2305 290 2412 exquibus
315 2326 506 2387 mutatam
534 2307 583 2385 de
611 2327 649 2386 te
671 2307 960 2386 Genevenfium
979 2304 1223 2413 opinionem,

72 2413 301 2523 refrigerata
331 2419 655 2498 amicissimorum
685 2419 809 2498 studia
840 2415 1045 2497 manifesto
1074 2415 1223 2526 perspi-

72 2553 162 2606 cere
187 2530 396 2636 poffimus3
427 2527 570 2639 edsque
596 2528 657 2610 his
685 2531 805 2610 literis
832 2557 909 2609 non
941 2547 978 2608 te
1006 2528 1222 2619 laudatum,

71 2635 137 2718 sed
157 2638 206 2717 ab
225 2640 277 2734 se,
299 2641 518 2721 dummodo
540 2641 760 2749 longillime
782 2661 994 2734 remotum,
1009 2639 1160 2748 quasvis
1180 2640 1221 2718 in

72 2766 192 2829 terras
221 2772 473 2861 exportatum
502 2754 676 2861 cupiiffe.
737 2754 834 2833 Haec
855 2755 966 2832 Mori
995 2752 1089 2832 fides
1118 2749 1222 2860 pub·

71 2860 149 2941 lica
168 2863 247 2958 est;
278 2866 356 2972 qual
376 2864 412 2945 se
439 2866 480 2944 in
500 2865 714 2944 Ecclesiam
734 2866 907 2957 credere,
927 2860 1048 2971 quam
1068 2864 1110 2940 in
1132 2863 1221 2971 Spi-

72 2972 196 3054 ritum
230 2978 416 3057 Sanctum
444 2977 597 3085 planius
624 2975 731 3055 facit.
805 2981 906 3085 Qae
932 2975 1082 3080 reliqua
1107 2969 1130 3051 a
1156 3000 1221 3051 me

71 3084 177 3165 dieta
201 3087 241 3165 in
271 3116 366 3168 eum
394 3087 481 3168 sunt
509 3116 636 3195 neque
666 3087 797 3180 diluit,
826 3113 953 3194 neque
983 3083 1143 3177 refellit,
1173 3113 1222 3162 ne

70 3219 277 3306 oppugnat
289 3200 468 3308 quidem.
519 3200 593 3278 Sed
609 3201 814 3308 quoniam,
827 3198 975 3285 Vlacco
992 3195 1221 3300 fidejussore,

72 3326 230 3390 tomum
259 3312 413 3420 insuper
439 3311 607 3391 alterum
634 3311 725 3391 fidei
752 3308 920 3419 publicae
945 3307 1157 3417 promittit,
1179 3309 1220 3385 in

71 3446 153 3527 quo
172 3422 340 3503 virorum
359 3423 499 3532 aliquot
518 3422 725 3529 irfignium,
748 3420 973 3531 Senatu'sque
991 3438 1028 3500 et
1050 3418 1222 3524 Ecclafiae

73 3531 398 3642 Midelburgerfis,
413 3553 450 3614 et
461 3534 792 3645 Amsteladamerfis
809 3533 1007 3641 testimonia
1026 3532 1221 3624 dicentur,

72 3642 173 3723 dum
191 3647 379 3726 volumen
399 3646 512 3739 illud,
533 3647 771 3739 cudendum,
792 3663 906 3754 puto,
925 3645 965 3722 in
984 3643 1130 3736 Gallia,
1151 3671 1221 3722 ex-

71 3757 297 3838 cudendum
318 3758 639 3865 Hagae-Comitis
658 3754 680 3835 ὲ
700 3757 847 3836 Vlacco
867 3759 1137 3865 expestamus,
1155 3773 1222 3834 aut

71 3894 122 3947 ne
141 3874 394 3976 expectamus
410 3870 588 3979 quidem,
602 3868 728 3948 visum
744 3869 799 3948 est
814 3869 863 3948 de
881 3886 963 3947 toto
983 3865 1060 3949 hoc
1079 3894 1221 3973 genere

71 3978 386 4060 testimoniorum
405 4009 528 4089 pauca
547 3980 739 4060 disserere.

130 4093 331 4199 Magnum
356 4121 431 4201 ego
451 4114 728 4173 ornamentum
748 4092 910 4201 quidem
931 4091 1086 4169 virtutis
1113 4087 1221 4166 testi·

72 4205 256 4284 monium
276 4204 481 4314 publicum
498 4203 571 4283 else
587 4204 738 4298 fateor;
759 4221 1039 4311 argumentum
1059 4200 1221 4308 perinde

71 4334 225 4397 certum
241 4336 358 4426 atque
375 4316 536 4398 firmum
551 4314 670 4425 longe
688 4315 792 4395 abest
808 4333 852 4394 ut
863 4312 1107 4405 existimem
1129 4338 1222 4391 nam

127 4455 155 4529 4
608 4456 634 4507 1>
658 4454 684 4505 1>
