2888 5204
144 152 221 249 184
413 137 502 225 Pro
529 131 714 264 Populo
740 129 1012 260 Anglicano

144 312 378 389 statutorum
402 306 565 413 utquam
587 327 784 415 appareat,
807 325 852 384 ut
871 309 985 386 aunis
1004 307 1075 388 abs
1102 326 1141 387 te
1159 310 1285 403 citatis,
1331 406 1333 417 Ι

144 449 273 528 neque
298 446 368 497 rex
395 417 465 496 isle
491 447 620 525 neque
647 419 715 498 ille
744 417 876 496 ullum
908 417 1080 499 omnino
1111 420 1288 502 statutum

144 531 468 643 promulgaverit.
524 533 593 608 Tu
612 530 734 609 fidem
741 529 828 635 jam
839 528 1130 639 perfugarum
1162 533 1288 615 statuta

143 645 218 724 tibi
236 644 487 734 distantium,
504 641 632 721 elusus
648 670 814 751 querere
832 643 933 720 dum
950 644 1020 722 alii
1039 661 1155 724 tuam
1173 646 1289 726 admi·
1331 706 1333 723 .

145 776 280 834 rantur
301 754 591 862 impudentiam
613 755 729 833 simul
752 772 793 833 et
815 755 1048 848 vanitatem,
1075 783 1202 864 quem
1222 784 1290 837 non

146 867 318 977 pudebat
338 869 385 943 iis
404 867 445 942 in
469 866 579 945 libris
597 865 894 944 versatiffimum
912 866 1040 945 videri
1058 868 1179 963 velle,
1204 894 1291 978 quot
1331 934 1333 963 ÷

146 977 349 1087 inspexisse
369 1005 590 1085 nunquam,
609 1006 657 1056 ne
677 977 810 1057 vidisse
826 977 991 1085 quidem
1007 997 1092 1059 tam
1108 979 1224 1062 facile
1238 1010 1290 1060 ar·
1331 976 1333 995 '

146 1092 292 1197 goeris.
352 1089 578 1167 Clausulam
598 1111 732 1168 autem
751 1090 864 1168 istam
882 1087 1161 1194 jurisjurandi,
1182 1120 1291 1202 quam

148 1226 191 1281 tu
211 1200 463 1312 perfrislioris
481 1201 630 1280 balatro
644 1201 923 1281 commentitiam
937 1201 1058 1282 audes
1073 1204 1221 1299 dicere,
1238 1233 1290 1283 re·

142 1315 218 1422 gis,
236 1316 380 1421 inquis,
399 1312 803 1423 defensoresfieripoffe
816 1312 940 1405 aiunt,
955 1332 999 1391 ut
1010 1314 1052 1392 in
1065 1315 1220 1424 aliquot
1230 1343 1290 1395 an-

146 1430 266 1535 tiquis
277 1425 567 1532 exemplaribus
578 1426 766 1517 extiterit,
762 1423 879 1530 stdin
888 1423 1290 1565 defiretudriremabiff,

147 1538 244 1647 quod
262 1536 475 1617 commodam
484 1537 794 1644 ſsgnficutionem
819 1566 888 1616 non
917 1536 1087 1617 haberet.
1148 1541 1289 1619 Verum

147 1649 199 1729 ob
228 1651 267 1727 id
294 1648 424 1757 ipsum
450 1648 616 1752 majores
640 1649 759 1728 nostri
783 1649 893 1727 illam
919 1648 1139 1731 clausulam
1162 1653 1203 1730 in
1224 1649 1290 1731 hoc

147 1763 249 1867 regis
270 1760 523 1865 jurejurando
547 1760 724 1869 posuere,
750 1780 795 1839 ut
825 1760 1154 1866 significationem
1177 1773 1292 1872 tyran·

148 1874 231 1953 nidi
251 1873 404 1982 semper
427 1900 504 1952 non
530 1873 784 1952 commodam
810 1870 985 1951 haberet.
1047 1874 1096 1953 In
1119 1876 1291 1955 desuetu-

148 1987 283 2066 dinem
304 2006 437 2064 autem
455 1985 482 2063 fi
502 1985 664 2077 abierat,
684 1985 791 2092 quod
813 2003 944 2063 tamen
964 1983 1212 2067 salfiffimum
1229 1985 1290 2081 est,

148 2100 237 2206 quis
263 2117 380 2205 neget
410 2097 538 2176 multo
565 2097 721 2175 meliori
746 2097 836 2201 jure
866 2099 1130 2178 revocandam
1163 2096 1290 2178 fuisse?

149 2210 304 2302 frustra,
325 2210 352 2287 fi
373 2232 410 2288 te
430 2209 612 2287 audiam:
641 2210 791 2317 quippe
810 2208 849 2287 in
864 2208 1013 2315 regibus
1037 2237 1127 2290 mos
1150 2210 1217 2289 ille
1229 2208 1292 2316 ju·

148 2323 264 2402 randi
287 2322 354 2430 qui
378 2320 479 2400 hodie
500 2338 668 2429 receptus
696 2321 760 2428 est,
785 2320 1113 2429 caeremonr'alt‘sest
1138 2320 1291 2402 tantist.

148 2434 276 2543 Atqui
297 2461 381 2525 rex,
402 2460 495 2510 cum
516 2432 731 2541 Episcopus
748 2432 895 2511 aboleri
910 2433 1100 2542 oportuit,
1116 2461 1188 2540 per
1203 2432 1293 2513 illud

143 2544 208 2649 jus
221 2544 436 2649 jurandum
457 2572 536 2622 non
556 2545 673 2623 licere
690 2543 759 2623 srbi
775 2543 949 2624 causatus
969 2545 1039 2623 est.
1099 2549 1235 2654 Atque
1248 2547 1294 2624 ita

150 2655 434 2735 sacramentum
463 2655 560 2734 illud
587 2656 879 2749 sanstiffimum,
900 2658 1055 2764 quoties
1080 2685 1132 2736 ex
1158 2658 1227 2738 usu
1245 2657 1294 2736 est

150 2768 267 2875 regis,
288 2768 350 2847 vel
380 2767 549 2846 solidum
576 2769 766 2876 quiddam
789 2787 829 2847 et
853 2767 1014 2847 firmum
1040 2770 1130 2861 erit,
1152 2771 1216 2850 vel
1241 2771 1295 2848 in·

150 2908 250 2959 nane
272 2877 426 2959 tantitm
446 2899 485 2958 et
500 2881 758 2960 caeremoniale.
809 2880 930 2990 Qod
942 2906 1017 2987 ego
1032 2908 1102 2960 vos
1114 2881 1294 2980 obtestor,

149 2992 289 3098 Angli,
310 2994 429 3072 etiam
442 3012 558 3099 atque
574 2992 693 3071 etiam
713 2992 1055 3070 animadvertatis:
1087 3011 1128 3071 et
1141 2993 1296 3100 qualem

150 3105 237 3183 estis
258 3133 393 3212 regem
414 3102 601 3198 habituri,
623 3103 650 3182 fi
676 3105 849 3197 redierit,
871 3104 1075 3183 vobiscum
1093 3106 1295 3213 reputetis:

150 3245 228 3296 non
254 3221 361 3296 enirn
388 3219 428 3295 in
455 3238 631 3294 mentem
651 3215 812 3294 venisset
831 3243 1007 3323 unquam
1032 3213 1129 3295 huic
1153 3219 1297 3298 Gram-

151 3332 296 3408 matico
317 3319 501 3408 sceleroso
517 3348 556 3407 et
572 3346 757 3407 extraneo
771 3327 918 3432 dejure
936 3328 1058 3434 Regis
1073 3330 1299 3436 Anglorum

148 3442 251 3520 velle'
264 3440 442 3533 scribere,
460 3461 525 3520 aut
541 3440 659 3549 posse,
677 3441 748 3519 nisi
766 3440 932 3518 Carolus
948 3440 1014 3518 ille
1030 3442 1214 3535 extorris,
1227 3439 1300 3521 dis·

148 3552 294 3659 ciplina
308 3553 430 3658 patria
445 3554 636 3643 imbutus,
650 3579 803 3659 unaque
815 3551 872 3629 illi
888 3553 1100 3631 monitores
1114 3551 1198 3657 ejus
1211 3581 1301 3662 pro-

150 3662 392 3770 fligatiffimi,
413 3665 510 3771 quid
531 3661 604 3742 hac
623 3663 672 3741 de
693 3693 732 3743 re
752 3663 866 3742 scribi
885 3663 1031 3742 vellent
1045 3665 1157 3743 omni
1173 3664 1302 3745 studio

150 3773 424 3880 suggessissent.
486 3775 699 3854 Dittabant
724 3773 818 3854 huic
838 3775 911 3867 illi,
937 3793 1053 3854 totum
1076 3776 1303 3857 Parlamen·

149 3905 228 3965 tum
246 3886 465 3994 proditionis
492 3888 530 3966 in
556 3889 691 3994 Regem
715 3887 922 3991 irfimulari
934 3887 1043 3996 P⁰ffl2
1065 3887 1127 3966 vel
1147 3887 1201 3967 ob
1227 3889 1305 3969 hoc

149 3994 291 4090 solirm,
305 3998 499 4106 quodfine
512 3999 647 4108 affi’ifit
660 3999 774 4105 Regis
789 3998 1000 4078 declaravit
1010 3998 1127 4078 omnes
1139 3998 1306 4109 cffepro-

40 4177 44 4186 .
148 4110 284 4191 ditores
306 4110 372 4219 qui
396 4140 503 4189 arma
530 4130 661 4190 contra
687 4112 970 4190 Parlamentum
996 4110 1155 4216 Angliae
1167 4111 1305 4222 sump-

134 4222 301 4329 strum
333 4222 673 4332 vqffallumscilicet
686 4222 785 4330 regis
800 4222 863 4331 effe
880 4224 1193 4315 Parammon,-
1219 4224 1305 4329 jus-

142 4335 354 4439 jurandum
369 4333 460 4415 vero
473 4338 627 4443 regium
641 4335 887 4414 caeremoniale
898 4333 1045 4414 tantzlm
1058 4333 1147 4427 esse,
1161 4336 1304 4444 quidni
