2888 5204
161 199 241 279 304
432 164 523 255 Pro
549 156 734 293 Populo
760 156 1031 290 Anglicano

155 336 295 443 quovis
315 336 442 445 pretio
461 335 711 441 divulgatum
729 333 873 428 vellet;
894 333 1078 444 Jufferat
1096 363 1164 430 me,
1180 334 1293 445 inqui·

158 473 241 541 ens,
256 450 354 542 Rex,
367 446 589 557 utstpoffim
602 445 780 554 adfilium
788 446 1006 553 pervenire,
1022 445 1294 558 hocstepremrtr

157 559 345 639 morientis
356 560 485 669 patris
499 556 712 639 mandatum
727 556 782 637 ad
795 587 875 638 erem
887 557 1122 668 perferrem,
1142 579 1187 641 ut
1203 589 1295 668 regno

155 688 193 749 et
210 671 387 779 potestati
398 670 487 777 suae
509 671 713 779 restitutus,
741 668 844 750 vobis
852 671 941 777 steca
968 670 1072 753 necis
1096 672 1295 754 authoribus

158 782 383 890 ignosceret:
404 784 470 864 hoc
486 812 542 863 me
563 782 711 861 memini
733 782 765 878 i,
780 784 863 861 Rex
882 781 1020 863 iterum
1046 801 1164 895 atque
1180 786 1296 866 dm

143 893 263 1000 suffit.
325 898 363 974 O
386 897 526 1003 magis,
541 891 727 1001 regemne
742 894 872 975 dicam
887 894 1062 1004 pietatis,
1084 924 1137 976 an
1151 896 1295 1008 Episco-

154 1034 254 1116 pum
275 1007 466 1087 rimarum
482 1005 670 1117 plenum!
691 1006 762 1113 qui
777 1035 862 1086 rem
881 1025 964 1085 tam
983 1006 1140 1090 secretd
1155 1010 1195 1088 in
1213 1034 1295 1118 peg-

156 1139 260 1199 mate
275 1118 347 1198 suae
362 1119 455 1199 fidei
468 1118 716 1199 commissam
729 1136 773 1196 ut
788 1117 978 1212 effutiret,
999 1137 1087 1200 tam
1102 1119 1218 1201 sacillo
1233 1148 1293 1201 ex·

154 1232 321 1339 pugnari
341 1233 482 1341 potuit.
540 1232 596 1310 At
610 1232 635 1310 ὃ
648 1230 838 1310 taciturne
851 1229 860 1309 !
875 1229 1124 1340 jampridem
1146 1233 1291 1313 Carolus

155 1342 232 1423 hoc
248 1345 355 1424 idem
372 1345 473 1424 inter
487 1343 561 1422 alia
583 1360 774 1451 praecepta
793 1341 875 1421 filio
890 1343 1166 1439 mandaverat,
1184 1346 1223 1425 in
1238 1344 1292 1425 illa

154 1457 274 1535 lcone
292 1456 469 1547 Basilica,
494 1483 614 1564 quem
633 1454 781 1534 librum
801 1455 890 1534 ideo
909 1453 1105 1564 scriptum
1133 1456 1218 1538 satis
1234 1484 1290 1566 ap-

153 1587 278 1675 paret,
299 1586 343 1646 ut
359 1568 469 1646 omni
485 1595 580 1647 cum
595 1566 800 1673 diligentia
816 1566 929 1646 nobis
948 1567 1012 1646 vel
1027 1567 1169 1649 invitis
1185 1568 1289 1649 secre-

154 1696 242 1757 tum
269 1678 382 1773 illud,
411 1706 488 1787 qua
506 1679 763 1759 ostentatione
788 1678 1012 1759 simulatum
1036 1700 1138 1776 erat,
1170 1681 1289 1761 eadem

152 1789 272 1898 paulo
291 1788 378 1900 pdst
398 1790 658 1899 evulgaretur.
718 1790 793 1869 Sed
813 1791 928 1871 video
951 1790 1071 1901 plane
1097 1791 1288 1873 decrevisse

152 1930 221 1982 vos
236 1902 427 1983 Carolum
444 1903 659 2012 quemdam
675 1902 1015 1997 absolutissimum,
1031 1904 1061 1985 fi
1076 1931 1159 1985 non
1173 1906 1288 1987 Stuar·

152 2033 240 2095 tum
252 2013 374 2110 hunc,
386 2035 427 2095 at
445 2015 581 2095 saltem
595 2013 885 2124 hyperboreum
903 2015 1081 2125 aliquem
1092 2036 1136 2097 et
1149 2015 1287 2098 fabulo·

155 2125 256 2221 sum,
269 2126 410 2208 fucatis
422 2126 659 2236 quibussibet
669 2126 865 2208 coloribus
876 2127 1097 2237 depictum,
1110 2127 1289 2240 imperitis

153 2266 285 2319 rerum
309 2240 541 2319 obtrudere:
572 2240 626 2319 ita
656 2238 841 2320 fabellam
864 2236 966 2320 hanc
989 2241 1101 2322 velut
1123 2267 1289 2323 acroama

152 2352 366 2458 quoddam,
376 2352 559 2432 diverbiis
575 2372 615 2432 et
629 2349 867 2432 sententiolis
880 2349 1046 2462 pulchre
1057 2352 1289 2444 distindlum,

112 2534 115 2539 .
152 2461 280 2542 nescio
300 2491 421 2571 quem
438 2462 672 2573 ethologum
688 2464 878 2557 imitatus,
893 2464 942 2543 ad
956 2463 1183 2547 inescandaa
1193 2464 1290 2572 vulgi

150 2602 259 2653 aures
277 2573 411 2682 putide
424 2577 674 2657 concinnasti.
734 2578 822 2684 Ego
837 2575 944 2671 vero,
966 2595 1010 2656 ut
1029 2602 1112 2658 non
1130 2605 1289 2686 negare·

151 2687 228 2765 rim
258 2687 544 2794 interrogatum
568 2688 721 2768 sortasse
747 2689 873 2768 obiter
899 2689 948 2768 ab
980 2717 1059 2768 uno
1082 2690 1149 2770 vel
1179 2691 1291 2770 altero
1332 2752 1334 2759 .

149 2797 407 2878 consessorum
421 2799 494 2880 hac
509 2803 557 2880 de
573 2829 614 2880 re
630 2800 887 2910 Episcopum,
900 2801 954 2880 ita
969 2802 1216 2898 accerfitum,
1228 2803 1291 2882 de-

150 2908 231 2989 dita
243 2913 361 3019 operi
372 2911 434 2992 vel
453 2909 476 2991 ὲ
494 2913 664 2992 concilio
677 2913 741 2992 vel
757 2913 805 2992 ab
824 2912 894 2992 illo
908 2912 1093 3017 judicum
1111 2915 1292 3022 collegio,

149 3022 255 3130 quasi
270 3023 311 3103 id
323 3053 459 3105 omnes
475 3025 680 3118 curassent,
693 3043 760 3104 aut
776 3023 937 3104 sollicite
950 3025 1206 3134 quaefivissent
1220 3052 1292 3107 non

146 3139 360 3245 comperio.
404 3137 478 3216 Sed
495 3137 633 3218 demus
649 3136 737 3216 inde
757 3165 843 3247 quae
861 3137 943 3216 vis:
966 3138 1119 3218 dederit
1138 3140 1180 3219 in
1198 3166 1290 3250 peg-

149 3268 255 3328 mate
280 3249 461 3359 suprema
485 3247 566 3328 haec
587 3249 783 3360 Episcopo
806 3251 1002 3343 mandata,
1027 3269 1072 3330 ut
1092 3249 1167 3331 suae
1192 3252 1291 3331 necis

148 3358 377 3441 authoribus
388 3359 665 3468 ignosceretur,
674 3361 903 3470 perferenda
915 3360 1289 3445 adfiliumCarolus:

147 3472 242 3577 quid
254 3492 336 3553 tam
348 3475 555 3580 egregium
567 3474 837 3581 autsrngulare
845 3492 1146 3582 praetercaeteros
1157 3503 1206 3557 co
1219 3474 1290 3556 loci

147 3584 333 3664 deductos
350 3584 469 3664 fecit?
485 3585 789 3696 quotusquisque
802 3586 858 3665 est
870 3586 1129 3667 morientium
1143 3589 1186 3667 in
1202 3614 1291 3698 peg-

147 3714 266 3788 mate,
299 3697 368 3803 qui
391 3702 616 3805 peracturus
634 3699 718 3804 jam
748 3700 835 3777 vita:
869 3696 1060 3792 fabulam,
1090 3727 1187 3780 cum
1214 3699 1289 3781 haec

147 3807 327 3887 mortalia
343 3805 463 3916 quim
475 3837 572 3889 vana
584 3810 657 3890 sint
672 3809 791 3903 videt,
805 3836 883 3888 non
896 3809 1004 3890 idem
1020 3809 1154 3906 saciat,
1165 3831 1207 3893 et
1218 3813 1290 3893 ini·

145 3919 329 4014 micitias,
354 3921 443 4013 iras,
469 3921 573 4016 odia,
594 3941 780 4031 tanquam
806 3950 856 4000 ex
880 3921 990 4003 scena
1016 3924 1191 4031 quadam
1210 3924 1290 4030 jam

145 4033 336 4127 exiturus,
357 4031 481 4112 libens
502 4061 579 4111 non
600 4035 783 4143 deponat,
810 4052 877 4113 aut
896 4033 1033 4115 saltem
1060 4036 1233 4132 simulet,
1251 4055 1291 4117 ut

144 4144 207 4222 vel
227 4144 549 4239 misericordiam,
571 4145 633 4224 vel
654 4147 886 4227 innocentiae
905 4147 1141 4258 opinionem
1162 4149 1236 4230 suae
1251 4151 1290 4229 in

145 4258 286 4336 animis
301 4255 512 4337 hominum
530 4256 751 4367 relinquat?
782 4258 985 4339 Simulasse
999 4260 1209 4357 Carolum,
1226 4290 1290 4342 ne·

141 4395 407 4477 queunquam
420 4398 470 4450 ex
483 4370 676 4464 animo,et
690 4371 836 4451 fincero
850 4373 994 4452 mentis
1006 4375 1207 4485 proposito
1220 4374 1290 4457 tale
