2888 5204
141 169 218 274 376
388 149 613 247 Authoris
637 188 722 284 pro
747 148 789 248 se
817 143 1042 246 Defensio

140 333 212 411 Vis
238 332 360 440 igitur
386 332 517 412 dicam
546 329 719 440 apertius
741 358 827 410 rem
858 327 1010 438 ipsam?
1041 354 1136 406 nam
1164 345 1218 417 te,
1244 342 1282 404 ut

139 445 270 538 video,
284 472 363 553 prae
376 444 446 524 ista
463 443 638 524 mollicie
658 442 799 522 frontis
820 468 899 521 non
918 437 1128 550 perfrictae,
1144 437 1210 516 sed
1226 439 1281 518 in·

141 555 289 664 scriptae
301 555 436 651 modb,
450 557 574 665 pudet
586 556 739 649 dicere3
769 555 842 662 qui
861 580 910 631 ne
926 552 1110 661 stuprum
1125 548 1281 659 quidem

141 686 209 746 aut
223 667 461 747 adulterium
482 687 565 748 toto
585 665 763 777 responso
780 666 982 746 nominare
994 662 1122 744 homo
1137 661 1281 773 puden·

143 779 306 859 tillimus
324 799 364 859 et
383 780 452 860 flos
472 781 654 860 castitatis
673 778 785 858 ausus
798 806 852 872 es,
868 805 918 856 ne
930 773 1281 882 vaniffimamfabu·

143 892 216 969 lam
242 890 389 971 scilicet
413 912 452 971 et
474 894 710 985 obscoenam,
735 890 854 970 idest
879 907 945 968 tua
970 887 1072 968 faeta
1091 905 1280 968 retexens.

144 1004 292 1083 Dicam
311 1032 420 1112 ergo,
441 1024 481 1083 et
495 1007 589 1114 quia
609 1022 688 1083 non
708 1001 862 1095 abnuis,
877 1029 1010 1080 rerum
1029 1001 1215 1080 ordinem
1231 997 1282 1078 se-

172 1143 255 1194 uar.

142 1144 170 1224 q
200 1227 270 1308 Est
296 1229 463 1308 Claudia
490 1228 656 1310 Pelletta
686 1228 879 1338 quadam,
911 1226 1100 1336 pellicem
1130 1221 1283 1333 posthac

145 1342 396 1420 nominemus
415 1341 522 1436 licet,
543 1342 671 1421 nescio
691 1369 739 1421 an
761 1359 871 1420 tuam
891 1336 1044 1432 solbm3
1074 1364 1179 1445 quae,
1198 1363 1284 1415 cnm

144 1454 286 1533 ancilla
309 1455 350 1532 in
370 1454 508 1533 eidem
533 1454 654 1533 domo
681 1450 937 1532 honestiffimi
956 1452 1031 1530 viri
1052 1447 1284 1528 Genevenfis

144 1563 251 1657 esset,
269 1566 399 1672 inqua
420 1584 462 1644 tu
478 1563 617 1675 hospes
634 1593 716 1646 eras
729 1564 984 1674 turpissimus,
996 1590 1094 1642 cum
1105 1560 1242 1641 calone
1251 1577 1286 1638 et

144 1672 324 1755 rhedario
344 1679 569 1758 communis
588 1678 661 1758 tibi
681 1675 772 1757 fuit.
831 1675 891 1755 Ea
913 1673 1165 1766 mulierculis,
1186 1670 1285 1781 post-

145 1787 313 1867 modum
325 1790 462 1898 nupta,
475 1791 583 1898 quod
600 1789 723 1898 stupri
741 1807 875 1868 tecum
890 1785 1079 1867 habuerat
1092 1811 1290 1865 commen.

144 1899 255 1979 cium
282 1901 472 1981 adulterio
500 1901 757 1981 continuavit.
817 1900 930 1980 Cedo
948 1899 1066 2009 tester,
1086 1897 1235 2006 inquis,
1254 1915 1290 1974 et

144 2031 379 2119 argumenta.
442 2013 647 2121 Nugator!
678 2013 774 2121 quid
791 2031 833 2092 tu
846 2012 959 2092 testes
972 2040 1022 2091 ex
1043 2037 1110 2090 me
1126 2008 1197 2089 ubi
1216 2035 1290 2088 non

146 2122 248 2218 sunt,
262 2126 415 2233 quaeris,
430 2155 529 2234 quos
550 2127 618 2206 ubi
637 2144 760 2219 erant,
781 2123 944 2230 fugisti?
1002 2123 1212 2202 Genevam
1231 2148 1289 2200 re·

144 2257 309 2331 vertere,
331 2236 399 2317 ubi
418 2235 563 2318 horum
582 2239 798 2317 criminum
810 2236 964 2342 jamdiu
985 2262 1074 2315 reus
1093 2232 1220 2313 fastus
1237 2259 1287 2312 es.

147 2348 228 2428 Dic
243 2351 343 2429 velle
358 2369 395 2430 te
406 2349 527 2430 modb
542 2349 739 2430 abolendae
750 2349 955 2428 calumniae
966 2348 1081 2428 causd
1092 2345 1289 2451 judicium

148 2458 210 2539 his
226 2460 275 2540 de
295 2460 409 2542 rebus
423 2462 650 2570 legitimum
672 2460 781 2555 fieri;
812 2462 985 2542 invenies
1004 2460 1074 2569 qui
1089 2478 1226 2539 tecum
1243 2458 1290 2536 li·

147 2569 367 2652 bentiffimb
379 2570 441 2653 his
455 2575 503 2653 de
516 2573 747 2654 criminibus
762 2574 935 2682 experiri
946 2574 1033 2679 lege
1050 2571 1198 2666 velint3
1223 2570 1289 2678 qui

148 2686 295 2779 vadari,
323 2685 393 2792 qui
422 2685 666 2794 sponsronem
691 2683 817 2765 facere
845 2713 923 2764 non
951 2683 1143 2764 recusent.
1205 2684 1289 2763 Nec

116 2885 128 2898 ⁶
149 2796 260 2876 testes
273 2797 450 2878 deerunt.
509 2800 652 2878 Aderit
663 2798 861 2907 imprimis
873 2796 1121 2877 Hortulanus
1141 2794 1209 2874 ille
1224 2792 1290 2903 qui

149 2926 186 2987 te
207 2910 320 3003 vidit,
334 2908 427 2990 clun
449 2912 489 2989 in
510 2911 609 2990 illud
631 2910 875 3017 tuguriolum
897 2936 992 2988 cum
1011 2905 1177 2986 soemina
1196 2905 1290 2986 solus

148 3021 334 3114 intrares;
365 3024 479 3116 vidit,
493 3019 588 3101 clun
602 3022 669 3102 illa
682 3021 849 3101 Claudia
866 3039 931 3100 tua
949 3019 1151 3101 clauderet
1166 3018 1288 3111 forem

148 3133 248 3214 vidit
271 3135 404 3244 postea
428 3134 622 3243 egressum
646 3153 699 3228 te,
720 3133 1013 3242 amplexantem
1041 3128 1174 3239 pallam
1199 3157 1289 3209 curn

148 3247 314 3326 muliere
333 3247 550 3356 impudica,
571 3265 611 3324 et
628 3247 748 3354 usque
768 3243 816 3325 eb
835 3244 1094 3355 petulantem,
1114 3242 1288 3324 utillum

146 3378 320 3438 veterem
332 3357 539 3439 hortorum
554 3358 755 3439 custodem
770 3357 1012 3450 obscoenum,
1030 3383 1109 3434 non
1129 3383 1182 3435 ex
1203 3353 1289 3446 ficu,

147 3488 190 3547 ut
216 3470 329 3564 olim,
351 3470 414 3550 sed
433 3500 483 3549 ex
504 3499 617 3550 moro
646 3469 795 3551 fastum
822 3469 1059 3577 conspexisse
1090 3467 1288 3547 existima·

146 3600 218 3659 ret.
277 3583 458 3664 Aderunt
478 3602 518 3661 et
536 3582 617 3674 alii,
634 3610 733 3689 quos
753 3583 827 3662 viri
847 3580 1074 3689 graviffimi,
1088 3580 1160 3687 qui
1181 3598 1289 3659 tuum

147 3719 293 3771 nomen
307 3693 547 3787 detulerunt,
562 3693 674 3800 testes
687 3697 728 3773 in
745 3713 932 3830 promptu
948 3691 1107 3772 habent.
1170 3690 1289 3813 Cujus

148 3822 190 3883 tu
218 3803 433 3883 testimonii
453 3807 536 3884 vim
557 3808 703 3886 veritus
722 3834 817 3885 cum
840 3804 1049 3885 dimandffe
1077 3832 1165 3883 rem
1185 3804 1289 3883 illam

147 3915 306 3995 sentires
327 3945 448 4023 quam
473 3920 514 3997 in
538 3918 695 3997 occulto
715 3916 875 4027 patrasse
904 3937 941 3998 te
961 3915 1224 4010 arbitrabaris,
1250 3931 1290 3994 ut

148 4027 305 4108 infamis
322 4029 388 4107 ille
403 4058 489 4110 reus
503 4031 724 4123 Sicilienfis,
737 4058 814 4109 non
821 4029 905 4134 jam
918 4029 1014 4137 quid
1031 4026 1289 4136 responderes,

146 4140 209 4220 sed
221 4142 559 4249 quemadmodum
574 4170 651 4221 non
665 4140 1111 4251 responderes,cogitare
1122 4138 1288 4249 coepisti:

145 4274 184 4333 et
199 4251 318 4363 paulb
331 4274 419 4333 ante
436 4253 562 4348 ferox,
576 4255 799 4362 judiciique
816 4254 998 4362 cupidus,
1017 4251 1130 4359 (nam
1144 4252 1196 4332 de
1212 4251 1290 4331 aliis

142 4394 300 4475 quoque
313 4367 449 4447 multis
463 4366 578 4446 rebus
598 4386 638 4445 et
657 4386 769 4448 antea
788 4386 828 4447 et
848 4386 935 4447 tum
956 4366 1077 4446 etiam
1090 4362 1290 4445 defereba-
