2888 5204
144 193 222 300 388
388 174 614 273 Authoris
639 211 725 308 pro
747 173 793 270 se
820 170 1046 270 Defenfio

140 353 263 434 libeat
291 354 354 433 vel
388 353 607 433 invitiffimi
632 352 801 458 cujusvis
831 353 967 432 laudes
994 352 1286 432 contaminare?

140 466 321 575 experire
346 466 459 560 sanim
488 464 720 575 persequere
744 464 868 543 modi>
895 464 1014 558 istud,
1042 466 1156 572 quod
1171 464 1288 544 veluti

142 575 340 686 specimen
371 578 642 657 laudationum
673 596 831 656 tuarum
856 578 1069 683 egregium
1099 576 1288 657 hocloco

143 688 358 783 inseruisti3
390 718 501 799 quam
518 688 646 798 supra
673 689 917 768 mortalitatis
947 687 1093 767 modum
1119 687 1289 792 mufitata

142 818 296 881 naturae
312 801 387 895 νὴ,
406 820 444 880 et
449 800 671 909 stupendum
689 802 830 908 ingenii
839 801 960 879 lumen
975 801 1119 879 evexit.
1156 803 1287 906 Perge,

145 914 323 1021 inquam,
343 932 384 993 et
402 917 529 992 macte
549 913 623 992 isto
634 941 729 993 ore:
758 912 809 992 ab
828 912 902 990 isto
919 911 1063 990 exorsu
1080 932 1289 1019 quantum·

143 1026 204 1103 vis
222 1026 262 1103 in
283 1024 450 1104 sublime
465 1023 596 1104 evoles
614 1052 686 1134 per
704 1051 769 1103 me
786 1025 903 1103 licet:
933 1023 1007 1103 isto
1022 1025 1137 1103 enim
1148 1044 1288 1111 tenore,

144 1135 172 1216 fi
188 1137 419 1247 perrexeris,
432 1136 648 1216 mirificum
663 1156 707 1215 tu
717 1136 882 1245 quidem
895 1133 1101 1241 fastigium
1116 1163 1163 1215 ac
1175 1160 1289 1245 prope

144 1246 373 1329 nubiferum
393 1268 474 1327 tam
489 1248 578 1327 altis
597 1247 943 1327 substructionibus
962 1249 1020 1325 im
1076 1248 1220 1327 fiturus
1235 1246 1289 1323 vi·

144 1360 261 1441 deris.
321 1358 446 1454 Mihi,
470 1358 608 1451 fateor,
633 1387 713 1438 non
739 1359 867 1468 placet
889 1359 941 1438 fic
964 1361 1019 1438 alr
1070 1358 1287 1466 insurgere;

145 1471 250 1551 unde
269 1472 398 1551 statim
417 1471 564 1552 neceffe
584 1473 674 1564 erit,
693 1471 755 1550 vel
779 1468 945 1551 ridicule
964 1498 1094 1564 ruam,
1114 1472 1180 1551 vel
1197 1472 1290 1549 inter

145 1584 268 1663 nubes
287 1581 507 1690 frigescam.
538 1585 729 1662 Attamen
748 1583 807 1676 iis,
826 1584 973 1690 inquis,
991 1581 1138 1664 dott'bus
1150 1579 1292 1689 inſsgnis

145 1693 1290 1887 {traetd'zssiffssmditfit‘fittsstdttdmffl?

145 1866 279 2048 roibds
294 1917 447 2047 piac-ere
462 1917 652 2027 quiddam
665 1836 774 2047 aliid
788 1836 1200 2048 laxantibus,ppoisilnt.
1244 1920 1292 2045 lit

146 2029 1293 2251 trittdgrridqtsspfi‘gtsstzittffli53:2¹¹,

147 2254 295 2335 idcirco
306 2272 491 2364 pretereo
507 2284 516 2333 :
548 2281 640 2333 nam
655 2256 704 2334 ad
719 2256 879 2334 tertium
892 2255 977 2361 jam
992 2256 1146 2334 crimen
1160 2280 1294 2334 meum

148 2368 334 2476 perveni;
366 2364 473 2557 qudd
493 2366 664 2446 dixerim
689 2366 896 2458 nimirum,
921 2393 1001 2446 uno
1022 2393 1121 2447 cum
1146 2363 1292 2445 famulo

148 2504 213 2557 me
239 2504 378 2586 peregr
426 2475 563 2557 fuiffe:
594 2479 745 2558 crimen
768 2505 908 2585 grave3
939 2506 1019 2586 quo
1039 2505 1117 2586 ego
1136 2478 1293 2558 nomine

148 2586 252 2669 haud
273 2614 351 2668 uno
373 2590 413 2668 in
433 2588 521 2670 loco
541 2591 802 2698 perstringor:
835 2590 876 2669 id
904 2589 1050 2669 scilicet
1079 2588 1190 2669 nefas
1217 2608 1293 2668 erat

149 2699 382 2795 meminiffe,
414 2729 462 2781 ne
487 2702 759 2782 versificatores
788 2702 918 2796 vestri,
948 2703 1018 2809 qui
1047 2729 1098 2781 ex
1129 2701 1292 2808 egestate

148 2812 277 2892 nesci-o
301 2841 379 2922 qua
406 2813 594 2893 emerssffe
622 2842 686 2893 me
715 2843 784 2924 per
811 2813 913 2893 hanc
936 2841 1070 2893 rerum
1097 2814 1205 2921 apud
1229 2823 1293 2892 nos

149 2925 440 3005 converfidnem
462 2926 740 3021 verfificabant‚
760 2926 937 3007 cecinisse
960 2924 1054 3006 falsa
1079 2927 1294 3035 reperiren-

149 3055 225 3117 tur.
286 3038 430 3141 Jocum
453 3037 545 3119 verd
570 3037 637 3118 hic
662 3059 791 3134 tuum,
817 3039 973 3147 quando
1001 3036 1083 3118 haec
1109 3057 1193 3119 tam
1217 3064 1294 3118 rara

149 3148 229 3229 avis
249 3149 316 3235 est.
344 3178 421 3229 non
441 3150 594 3259 possum
619 3153 925 3260 pretermittere.
985 3151 1084 3230 Non
1112 3151 1294 3258 equidem

151 3262 261 3342 vobis
283 3255 535 3372 ‘Typographis
555 3262 654 3341 litem
675 3291 835 3371 unquam
854 3259 1085 3356 intenderim,
1109 3291 1182 3342 non
1195 3262 1295 3343 certi

149 3373 268 3480 magis
286 3373 395 3480 qudm
416 3374 593 3481 illistrvo
608 3372 675 3482 qui
683 3374 886 3454 Miltonum
904 3392 1049 3457 euntem
1059 3376 1225 3482 peregr>
1239 3403 1294 3453 co·

149 3484 372 3564 mr'tabatur.
434 3486 472 3562 Ο
501 3482 618 3592 longe
643 3505 683 3564 et
710 3484 847 3565 misere
877 3485 1070 3594 petitum!
1100 3487 1200 3593 quid
1228 3483 1294 3563 hac

150 3597 289 3705 capitis
301 3596 503 3676 cucurbita
519 3596 650 3689 facias,
664 3626 713 3676 ex
725 3625 817 3705 qua,
831 3616 876 3676 ut
887 3598 928 3677 id
942 3595 1119 3677 maxime
1135 3597 1294 3689 labores,

151 3710 301 3788 nullam
319 3707 403 3788 salis
419 3709 565 3787 micam
582 3710 684 3817 potis
703 3736 743 3788 es
760 3709 988 3788 extundere.
1049 3709 1127 3789 Sed
1142 3711 1295 3819 quietus

150 3815 273 3899 homo
293 3837 332 3898 et
352 3817 525 3926 fugitans
544 3821 676 3900 litium
696 3848 760 3913 es;
788 3820 919 3929 itaque
940 3847 1018 3900 non
1039 3848 1148 3914 meo,
1170 3822 1233 3902 sed
1252 3848 1295 3901 ne

152 3950 220 4011 tuo
239 3929 404 4038 quidem
424 3930 530 4012 servo
550 3933 662 4012 litem
680 3933 863 4026 intendis,
884 3933 953 4040 qui
973 3932 1201 4013 domestice
1218 3954 1295 4015 tur·

152 4040 340 4151 pitudinis
362 4061 435 4123 tuae
454 4042 658 4150 fugitivus,
684 4044 887 4124 secretiora
906 4044 1055 4152 flagitia
1074 4066 1115 4124 et
1135 4044 1297 4125 nefarias

152 4153 333 4233 libidines
354 4173 438 4235 tuas
451 4154 683 4262 divulgavit.
743 4157 943 4264 Qartum
964 4157 1034 4250 est,
1050 4156 1246 4264 fiquidem
1260 4154 1297 4235 id

151 4267 302 4346 crimen
318 4265 396 4344 dici
413 4292 549 4345 meum
561 4267 691 4361 debet,
706 4271 814 4376 quod
829 4289 944 4349 tuum
958 4268 1015 4348 est
1029 4267 1297 4359 mendacium,

151 4379 189 4459 in
215 4377 329 4460 eodem
354 4376 497 4459 scilicet
520 4377 627 4472 libro,
651 4408 755 4488 quem
768 4380 935 4485 scatere,
955 4381 1026 4499 ais,
1044 4376 1298 4486 dffcs'ndtorum
