2888 5204
414 481 651 583 Defenfio.
691 490 809 618 Cap.
835 522 880 610 3.
1171 530 1220 609 55

58 658 180 739 causae
204 677 281 739 tuae
307 658 520 741 subsidium
547 687 775 770 comparare
799 660 1042 741 consuevisti.
1103 663 1219 741 Pete·

59 772 155 851 bant
175 770 360 851 Israiilitae
385 800 535 881 regem,
561 791 605 852 ut
628 772 814 854 habebant
836 802 953 853 omnes
970 773 1048 880 istae
1062 792 1217 881 gentes:

57 883 231 965 diffuafit
245 886 361 966 Deus
383 887 520 967 multis
547 886 690 980 verbis,
715 914 801 994 quae
821 884 1003 966 Christus
1023 884 1089 965 hic
1109 885 1216 966 sum-

58 998 205 1077 marim
223 996 457 1106 complexus
483 997 553 1091 est,
564 998 678 1104 scitis
693 996 882 1107 principes
901 999 1068 1106 gentium
1094 999 1132 1078 in
1155 1027 1217 1079 eas

57 1107 269 1191 dominari.-
298 1110 523 1219 petentibus
553 1130 684 1191 tamen
714 1111 761 1190 iis
789 1111 900 1190 dedit
928 1137 1063 1217 regern
1088 1111 1215 1204 Deus,

55 1223 240 1329 quamvis
261 1222 404 1303 iratus:
437 1220 631 1316 Christus,
647 1251 697 1303 ne
718 1242 869 1332 peteret
880 1224 1045 1303 omnino
1058 1219 1216 1303 christi·

57 1360 156 1415 anuo
175 1336 364 1445 populus,
383 1362 493 1415 more
508 1336 690 1442 gentium
709 1335 1022 1428 dominaturum,
1040 1332 1215 1414 adhibiti

56 1447 244 1527 cautione
259 1448 491 1539 antevertit;
509 1448 612 1528 inter
627 1477 694 1528 vos
708 1448 850 1528 nonita
865 1447 952 1527 erit.
1012 1447 1121 1558 Qid
1138 1445 1214 1527 hoc

57 1558 204 1639 clarius
219 1559 300 1639 dici
314 1560 473 1668 potuit?
503 1587 581 1640 non
602 1561 704 1639 inter
722 1587 791 1640 vos
810 1558 881 1640 ista
896 1586 1036 1666 regum
1052 1558 1216 1666 superba

59 1670 316 1765 Dominatio,
331 1671 483 1751 tametfi
502 1670 672 1780 specioso
692 1671 808 1752 titulo
821 1673 1023 1779 Evergetae
1038 1688 1079 1750 et
1094 1669 1214 1751 bene·

57 1780 124 1863 fici
136 1802 348 1878 vocentur;
369 1783 431 1863 sed
448 1785 517 1891 qui
532 1810 699 1890 magnus
714 1783 818 1862 inter
829 1811 897 1863 vos
915 1782 999 1863 fieri
1011 1783 1110 1876 vult,
1125 1784 1214 1891 quis

58 1911 198 1975 autem
216 1896 396 2004 principe
415 1894 553 2000 major,
568 1896 635 2005 isso
653 1895 772 2004 vester
784 1895 968 2005 minister:
989 1895 1114 2004 etqui
1130 1897 1212 2004 pri·

58 2034 151 2087 mus
170 2006 248 2087 five
261 2008 436 2117 princeps
448 2009 567 2114 (Luc.
583 2009 670 2115 22.)
691 2007 758 2116 esto
775 2004 1054 2116 osserſs’rour.
1116 2009 1213 2088 Non

57 2120 206 2201 erravit
223 2121 358 2228 itaque
376 2121 584 2201 advocatus
605 2120 671 2200 ille
690 2146 813 2228 quem
832 2118 1040 2213 insectaris,
1058 2119 1121 2200 sed
1142 2149 1212 2199 au-

58 2227 220 2313 thorem
232 2230 373 2313 habuit
384 2229 605 2326 Christum,
618 2232 646 2311 fi
658 2259 794 2341 regem
806 2228 1060 2312 christianum
1075 2232 1213 2340 populi

59 2343 288 2425 ministrum
306 2343 381 2425 effe
400 2345 517 2438 dixit,
545 2344 605 2424 uti
628 2345 684 2424 est
708 2343 813 2423 certe
832 2344 962 2423 omnis
980 2342 1107 2423 bonus
1126 2371 1212 2424 ma·

56 2454 255 2564 guuatus.
314 2457 406 2537 Rex
425 2475 558 2538 autem
584 2456 686 2537 inter
708 2452 937 2537 christianos
964 2475 1030 2535 aut
1049 2454 1213 2535 omninb

58 2595 139 2647 non
159 2569 250 2663 erit,
271 2585 339 2649 aut
357 2570 432 2649 erit
451 2567 578 2649 servus
597 2567 804 2648 omnium:
836 2567 864 2647 fi
888 2565 1002 2676 pland
1029 2567 1115 2648 vult
1137 2567 1211 2649 effe

61 2680 280 2775 Dominus,
305 2680 379 2762 effe
407 2680 522 2761 fimul
544 2677 773 2761 christianus
801 2706 878 2759 non
902 2677 1039 2788 potest.
1098 2682 1210 2790 Qin

58 2810 101 2873 et
120 2792 272 2887 Moses,
292 2793 391 2902 legis
412 2791 709 2902 quodammodo
728 2791 875 2872 servilis
895 2792 1107 2886 institutor,
1132 2820 1211 2873 non
1299 2862 1302 2867 .

57 2905 212 3014 populo
238 2903 401 3013 superbe
427 2905 717 2998 dominabatur,
749 2903 811 2984 sed
835 2905 944 2985 onus'
963 2903 1041 3014 ipse
1072 2905 1210 3014 populi

59 3014 237 3111 serebat3
265 3016 415 3099 ferebat
427 3020 468 3098 in
485 3018 566 3097 finu
580 3017 793 3127 populum,
807 3035 851 3095 ut
866 3017 1050 3097 nutritius
1064 3015 1211 3097 labien-

59 3130 389 3211 tem.Num.11.
417 3130 603 3210 nutritius
616 3148 748 3209 autem
760 3128 889 3209 servus
901 3127 970 3207 est.
1007 3129 1119 3208 Plato
1131 3156 1211 3209 non

60 3241 262 3322 Dominos
271 3240 594 3323 sedservatoreset
603 3241 796 3347 adjutores
808 3241 945 3352 populi
957 3241 1209 3348 appellandos

58 3352 136 3435 effe
149 3354 396 3460 magistratus
412 3354 571 3449 docuit;
598 3354 799 3462 Populum
815 3380 893 3432 non
915 3351 1055 3446 servos,
1067 3352 1131 3433 sed
1152 3352 1211 3432 al-

59 3483 164 3545 tores
180 3464 497 3574 magistratuum,
512 3484 557 3545 ut
568 3465 638 3573 qui
652 3464 840 3545 alimenta
858 3482 898 3543 et
916 3464 1105 3572 stipendia
1123 3493 1209 3543 ma·

59 3577 287 3686 gistratibus
298 3579 419 3659 etiam
433 3577 590 3685 regibus
606 3577 812 3686 praebeant.
873 3573 1042 3655 Eosdem
1058 3576 1211 3655 Aristo·

60 3689 158 3771 teles
177 3690 355 3771 custodes
374 3708 414 3771 et
433 3688 630 3771 ministros
645 3690 781 3796 legum
792 3706 921 3781 vocat,
942 3687 1054 3766 Plato
1074 3705 1113 3767 et
1133 3688 1211 3767 mi·

60 3799 201 3883 nistros
222 3821 263 3882 et
281 3800 420 3883 servos.
479 3801 686 3882 Ministros
715 3802 796 3881 Dei
816 3799 1028 3992 Apostolus
1048 3800 1211 3908 quidem

59 3911 1210 4136 {ubuumnummum}

60 4156 185 4219 tranis
199 4156 360 4249 propter
375 4137 569 4247 populum
586 4136 685 4217 sunt.
746 4139 800 4217 Et
817 4154 946 4215 tamen
962 4135 1063 4216 hanc
1076 4156 1118 4218 tu
1133 4139 1221 4218 Fa··

58 4249 268 4331 naticorum
285 4251 443 4358 Angliae
461 4248 694 4359 Molofforum
712 4247 906 4358 opinionem
926 4247 1000 4328 effe
1019 4250 1210 4330 clamitas.

61 4361 256 4443 Moloffos
275 4362 350 4442 effe
360 4363 515 4469 Anglos
529 4361 634 4442 certe
650 4387 729 4441 non
745 4378 941 4469 putarem,
959 4360 1028 4440 nisi
1041 4360 1150 4468 qubd
1171 4379 1214 4442 tu

59 4474 166 4569 illos,
177 4472 359 4583 hybrida,
371 4474 513 4555 latratu
524 4494 606 4554 tam
622 4472 808 4582 degeneri
825 4470 1015 4567 oblatras3
1047 4475 1168 4582 Lupi,
1186 4473 1213 4553 fi

59 4586 137 4667 diis
148 4587 294 4695 placet,
308 4587 437 4666 saneti
457 4586 683 4669 Dominus:
706 4588 843 4696 Lupus
859 4584 1050 4664 nimirum
1065 4583 1215 4664 sanstus

58 4699 242 4807 queritur
265 4698 457 4779 Moloffos
480 4697 555 4777 effe
586 4695 785 4779 fanaticos.
846 4697 1068 4776 Germanus
1099 4696 1214 4789 olim,
