2888 5204
146 194 225 274 292
430 163 522 256 Pro
548 157 733 293 Populo
760 155 1038 289 Anglicano¹

145 337 280 431 vilem,
295 363 380 444 quae
394 337 590 447 postrema
611 336 754 448 species
771 335 951 429 restabat,
965 362 1046 415 non
1063 335 1283 445 attigeram

145 477 267 556 quam
287 449 539 557 Magistratui
564 447 651 528 satis
675 475 777 528 curae
801 447 875 527 effe
901 445 1142 528 cernebam:
1173 476 1287 557 neque

145 559 291 664 dejure
308 563 417 668 regio
432 563 645 669 quicquam
659 557 680 639 a
696 588 760 640 me
777 559 965 670 scriptum
982 558 1054 653 est,
1070 559 1197 640 donec
1209 560 1286 641 Rex

146 670 266 752 hostis
297 669 320 750 ὲ
351 676 494 752 Senatu
519 673 731 779 judicatus,
762 671 946 779 belloque
982 673 1112 753 victus
1146 672 1286 753 caubm

145 785 321 894 captivus
349 785 453 893 apud
473 787 634 889 judices
660 786 821 878 diceret,
845 783 1062 893 capitisque
1091 785 1286 865 damnatur

146 896 226 975 est:
258 898 369 975 Tum
395 896 487 975 verb
513 899 687 990 tandem,
713 893 808 976 clun
830 895 1114 1004 Presbyteriani
1137 896 1296 1005 quidam-

148 1008 339 1102 Ministri,
355 1009 500 1088 Carolo
517 1006 624 1117 pribs
640 1007 1288 1118 infestillimi‚nunc1ndependen·

146 1121 248 1199 tium
265 1141 393 1230 partes
413 1120 489 1200 suis
508 1119 708 1214 anteferri,
728 1140 767 1200 et
786 1122 827 1199 in
840 1122 982 1199 Senatu
1003 1121 1093 1230 plus
1112 1119 1218 1230 poffe
1234 1122 1288 1199 in·
1326 1172 1328 1179 ·

146 1232 366 1340 dignantes,
399 1232 638 1312 Parlamenti
657 1231 852 1311 sententia
871 1231 919 1311 de
940 1234 1056 1340 Rege
1075 1232 1178 1327 latae,
1202 1232 1287 1338 (nou
1326 1314 1328 1319 .

146 1341 250 1424 facto
267 1346 369 1438 irati,
396 1343 459 1424 sed
483 1345 591 1453 quod
619 1343 793 1454 ipsorum
811 1342 930 1424 factio
950 1371 1028 1423 non
1048 1341 1215 1454 fecifl'et)
1233 1371 1287 1425 re·

146 1456 407 1550 clamitarent,
420 1476 460 1536 et
473 1478 667 1565 quantum
679 1458 720 1535 in
736 1456 825 1567 ipfis
839 1473 934 1550 erat,
947 1458 1287 1551 tumultuarentur,

147 1568 225 1647 ausi
256 1569 449 1647 affirmare
486 1570 789 1649 Protestantium
826 1568 1060 1661 doctrinam,
1084 1568 1288 1678 omnesque

149 1679 339 1759 Ecclesras
359 1677 587 1762 reformatas
607 1681 656 1760 ab
677 1679 866 1786 ejusmodi
886 1681 927 1758 in
946 1708 1058 1789 reges
1073 1683 1200 1762 atroci
1212 1680 1290 1761 sen·

148 1790 269 1870 tentia
299 1789 524 1887 abhorrere,
553 1811 658 1873 ratus
690 1791 846 1872 falfitati
877 1811 958 1873 tam
989 1812 1133 1902 apertae
1167 1789 1288 1903 pallm

146 1903 323 1982 eundum
335 1903 492 1984 obviam
509 1904 598 1999 elle,
616 1933 664 1984 ne
681 1924 767 1985 tum
783 1904 947 2011 quidem
962 1906 1011 1985 de
1025 1905 1175 1987 Carolo
1186 1904 1289 2014 quic-

146 2044 266 2124 quam
288 2015 417 2125 scripsi
437 2036 504 2096 aut
523 2016 631 2112 suafi,
651 2016 715 2096 sed
735 2016 832 2124 quid
852 2017 892 2095 in
916 2043 1058 2124 genere
1080 2037 1218 2098 contra
1235 2036 1288 2125 ty·

148 2155 286 2210 rannos
325 2129 474 2223 liceret,
519 2129 696 2209 adductis
737 2126 841 2208 haud
880 2130 1014 2238 paucis
1051 2129 1289 2210 summorum

146 2238 452 2348 Theologorum
473 2241 720 2333 testimoniis,
741 2239 915 2336 ostendi;
945 2259 984 2321 et
1008 2242 1205 2351 inlignem
1222 2241 1289 2321 ho·

147 2353 304 2432 minum
327 2353 493 2432 meliora
517 2352 804 2463 profitentium,
830 2353 905 2433 five
928 2354 1193 2460 ignorantiam
1222 2354 1289 2434 five

147 2464 436 2572 impudentiam
456 2464 579 2575 prope
598 2464 944 2545 concionabundus
970 2466 1118 2546 inceffi.
1179 2466 1289 2555 Liber

148 2576 216 2653 iste
234 2576 399 2655 nonnisi
423 2576 509 2683 post
532 2596 703 2657 mortem
725 2578 848 2684 Regis
869 2577 1030 2686 prodiit,
1056 2579 1108 2658 ad
1130 2605 1288 2687 compo-

147 2688 294 2768 nendos
310 2685 441 2796 potiits
455 2687 667 2769 hominurn
687 2691 838 2770 animos
859 2688 996 2785 factus,
1013 2685 1136 2798 quam
1155 2691 1205 2771 ad
1224 2691 1288 2770 sta-

148 2800 340 2880 tuendum
364 2801 413 2879 de
439 2803 583 2881 Carolo
606 2802 821 2909 quicquam
852 2803 959 2909 quod
990 2828 1068 2882 non
1101 2830 1207 2897 mea,
1232 2799 1286 2881 sed

149 2913 457 3020 Magistratuum
486 2915 684 3006 intererat,
701 2933 740 2993 et
759 2918 959 3024 petatium
982 2913 1067 3020 jam
1088 2932 1178 2994 tum
1202 2932 1311 3013 erat..

147 3025 267 3105 Hanc
287 3026 387 3104 intra
406 3026 576 3134 privatos
592 3027 757 3136 parietes
773 3053 905 3106 meam
920 3053 1082 3136 operam
1099 3028 1288 3107 nuncEe·

146 3137 281 3232 clesrae,
294 3165 398 3217 nunc
412 3137 656 3246 Reipublicae
668 3139 787 3245 gratis
800 3139 912 3233 dedi;
935 3136 1037 3218 mihi
1053 3136 1288 3220 viciffimvel

147 3246 230 3330 haec
242 3250 302 3329 vel
321 3250 387 3329 illa
403 3272 538 3360 praeter
555 3250 871 3331 incolumitatem
887 3250 1009 3343 nihil;
1031 3249 1180 3331 bonam
1194 3246 1289 3332 certe

147 3363 441 3456 conscientiam,
458 3361 603 3443 bonam
624 3363 728 3473 apud
748 3363 870 3442 bonos
890 3363 1240 3459 existimationem,
1256 3378 1291 3442 ct

147 3471 352 3554 honestam
374 3473 473 3554 hanc
490 3475 647 3554 dicendi
668 3475 888 3555 libertatem
909 3474 1002 3556 faoi
1022 3473 1102 3584 ipsa
1117 3476 1291 3556 reddide-

149 3613 208 3664 re:
231 3588 441 3666 commoda
454 3588 536 3680 alii,
549 3587 617 3667 alii
636 3585 803 3667 honores
815 3589 934 3695 gratis
949 3589 997 3668 ad
1015 3586 1052 3666 se
1066 3586 1291 3668 trahebant:

148 3724 213 3776 me
239 3726 358 3777 nemo
382 3697 639 3794 ambientem,
665 3726 783 3779 nemo
806 3729 877 3810 per
903 3702 1050 3780 amicos
1081 3701 1294 3810 quicquam

147 3827 364 3918 petentem,
385 3813 501 3889 curiae
520 3810 669 3890 foribus
689 3812 855 3891 affixum
875 3812 1061 3921 petitorio
1081 3813 1212 3908 vultu,
1231 3829 1293 3892 aut

147 3922 349 4000 minorum
365 3940 632 4003 conventuum
647 3923 846 4004 vestibulis
862 3922 1074 4004 haerentem
1093 3952 1214 4006 nemo
1233 3951 1293 4005 me

146 4060 322 4142 unquam
343 4034 467 4114 vidit:
497 4036 608 4115 domi
628 4034 710 4116 fere
729 4064 792 4116 me
808 4035 1077 4130 continebam,
1098 4039 1201 4117 meis
1219 4036 1292 4148 ipsc

146 4144 413 4241 facultatibus,
446 4148 596 4228 tametli
627 4145 705 4227 hoc
736 4149 844 4228 civili
877 4148 1052 4228 tumultu
1079 4176 1227 4259 magna
1247 4174 1294 4229 ex

145 4278 255 4368 parte
273 4258 366 4370 saepe
384 4261 563 4354 detentis,
578 4278 618 4339 et
633 4262 793 4341 censum
810 4259 891 4341 fere
908 4256 1083 4369 iniquibs
1099 4260 1204 4343 mihi
1223 4263 1294 4343 im·

145 4372 330 4481 positum,
351 4392 391 4453 et
411 4373 533 4452 vitam
562 4391 763 4482 utcunque
793 4372 901 4482 frugi
931 4372 1164 4456 tolerabam.
1223 4374 1296 4456 His
