<?xml version="1.0" encoding="UTF-8"?>
<!DOCTYPE html PUBLIC "-//W3C//DTD XHTML 1.0 Transitional//EN"
    "http://www.w3.org/TR/xhtml1/DTD/xhtml1-transitional.dtd">
<html xmlns="http://www.w3.org/1999/xhtml" xml:lang="en" lang="en">
 <head>
  <title>
</title>
<meta http-equiv="Content-Type" content="text/html;charset=utf-8" />
  <meta name='ocr-system' content='tesseract 3.04.00' />
  <meta name='ocr-capabilities' content='ocr_page ocr_carea ocr_par ocr_line ocrx_word'/>
</head>
<body>
  <div class='ocr_page' id='page_1' title='image "./worksjohnmilton07miltgoog_0206.png"; bbox 0 0 796 1583; ppageno 0'>
   <div class='ocr_carea' id='block_1_1' title="bbox 275 281 691 315">
    <p class='ocr_par' dir='ltr' id='par_1_1' title="bbox 275 281 691 315">
     <span class='ocr_line' id='line_1_1' title="bbox 275 281 691 315; baseline 0 -9"><span class='ocrx_word' id='word_1_1' title='bbox 275 281 394 306; x_wconf 83' lang='lat' dir='ltr'>Defenfio.</span> <span class='ocrx_word' id='word_1_2' title='bbox 415 283 473 315; x_wconf 89' lang='lat' dir='ltr'>Cap.</span> <span class='ocrx_word' id='word_1_3' title='bbox 491 291 530 307; x_wconf 86' lang='lat'>12.</span> <span class='ocrx_word' id='word_1_4' title='bbox 653 287 691 313; x_wconf 84' lang='lat'>189</span> 
     </span>
    </p>
   </div>
   <div class='ocr_carea' id='block_1_2' title="bbox 106 325 692 829">
    <p class='ocr_par' dir='ltr' id='par_1_2' title="bbox 106 325 692 829">
     <span class='ocr_line' id='line_1_2' title="bbox 113 325 692 350; baseline 0.002 -4"><span class='ocrx_word' id='word_1_5' title='bbox 113 325 174 346; x_wconf 68' lang='lat' dir='ltr'>tionis</span> <span class='ocrx_word' id='word_1_6' title='bbox 184 331 219 346; x_wconf 80' lang='lat' dir='ltr'>aut</span> <span class='ocrx_word' id='word_1_7' title='bbox 229 326 288 346; x_wconf 80' lang='lat' dir='ltr'>alieni</span> <span class='ocrx_word' id='word_1_8' title='bbox 301 326 406 346; x_wconf 80' lang='lat' dir='ltr'>invadendi</span> <span class='ocrx_word' id='word_1_9' title='bbox 415 326 486 350; x_wconf 84' lang='lat' dir='ltr'>studio,</span> <span class='ocrx_word' id='word_1_10' title='bbox 496 333 536 346; x_wconf 88' lang='lat' dir='ltr'>non</span> <span class='ocrx_word' id='word_1_11' title='bbox 548 326 649 350; x_wconf 82' lang='lat' dir='ltr'>seditione,</span> <span class='ocrx_word' id='word_1_12' title='bbox 659 332 692 347; x_wconf 83' lang='lat' dir='ltr'>aut</span> 
     </span>
     <span class='ocr_line' id='line_1_3' title="bbox 113 354 692 386; baseline 0.002 -12"><span class='ocrx_word' id='word_1_13' title='bbox 113 354 180 386; x_wconf 65' lang='lat' dir='ltr'>plavis</span> <span class='ocrx_word' id='word_1_14' title='bbox 196 354 241 374; x_wconf 81' lang='lat' dir='ltr'>ullis</span> <span class='ocrx_word' id='word_1_15' title='bbox 256 354 404 382; x_wconf 76' lang='lat' dir='ltr'>cupiditatibus,</span> <span class='ocrx_word' id='word_1_16' title='bbox 416 361 454 374; x_wconf 85' lang='lat' dir='ltr'>non</span> <span class='ocrx_word' id='word_1_17' title='bbox 470 355 556 374; x_wconf 76' lang='lat' dir='ltr'>amentia</span> <span class='ocrx_word' id='word_1_18' title='bbox 573 359 607 375; x_wconf 79' lang='lat' dir='ltr'>aut</span> <span class='ocrx_word' id='word_1_19' title='bbox 626 354 692 375; x_wconf 82' lang='lat' dir='ltr'>furore</span> 
     </span>
     <span class='ocr_line' id='line_1_4' title="bbox 112 382 691 414; baseline 0.002 -13"><span class='ocrx_word' id='word_1_20' title='bbox 112 382 200 414; x_wconf 79' lang='lat' dir='ltr'><strong>percitos</strong></span> <span class='ocrx_word' id='word_1_21' title='bbox 210 389 277 409; x_wconf 82' lang='lat' dir='ltr'>regem</span> <span class='ocrx_word' id='word_1_22' title='bbox 289 382 398 406; x_wconf 73' lang='lat' dir='ltr'>trucidasse,</span> <span class='ocrx_word' id='word_1_23' title='bbox 409 382 440 402; x_wconf 83' lang='lat' dir='ltr'>sed</span> <span class='ocrx_word' id='word_1_24' title='bbox 453 389 519 402; x_wconf 84' lang='lat' dir='ltr'>amore</span> <span class='ocrx_word' id='word_1_25' title='bbox 532 382 634 406; x_wconf 78' lang='lat' dir='ltr'>libertatis,</span> <span class='ocrx_word' id='word_1_26' title='bbox 644 383 691 402; x_wconf 83' lang='lat' dir='ltr'>reli-</span> 
     </span>
     <span class='ocr_line' id='line_1_5' title="bbox 108 409 691 438; baseline 0.002 -8.009"><span class='ocrx_word' id='word_1_27' title='bbox 108 410 187 437; x_wconf 71' lang='lat' dir='ltr'>-gionis,</span> <span class='ocrx_word' id='word_1_28' title='bbox 196 410 283 436; x_wconf 65' lang='lat' dir='ltr'>justitia,</span> <span class='ocrx_word' id='word_1_29' title='bbox 297 409 409 433; x_wconf 72' lang='lat' dir='ltr'>honestatis,</span> <span class='ocrx_word' id='word_1_30' title='bbox 422 410 489 438; x_wconf 81' lang='lat' dir='ltr'>patriae</span> <span class='ocrx_word' id='word_1_31' title='bbox 499 410 585 438; x_wconf 84' lang='lat' dir='ltr'>denique</span> <span class='ocrx_word' id='word_1_32' title='bbox 596 410 691 431; x_wconf 71' lang='lat' dir='ltr'>charitate</span> 
     </span>
     <span class='ocr_line' id='line_1_6' title="bbox 108 437 691 465; baseline 0 -7"><span class='ocrx_word' id='word_1_33' title='bbox 108 437 212 461; x_wconf 72' lang='lat' dir='ltr'>nccensos</span> <span class='ocrx_word' id='word_1_34' title='bbox 220 443 325 465; x_wconf 82' lang='lat' dir='ltr'><strong>tyrannum</strong></span> <span class='ocrx_word' id='word_1_35' title='bbox 335 438 425 465; x_wconf 86' lang='lat' dir='ltr'>puniifl&#39;e.</span> <span class='ocrx_word' id='word_1_36' title='bbox 447 438 482 458; x_wconf 85' lang='lat' dir='ltr'>Sin</span> <span class='ocrx_word' id='word_1_37' title='bbox 490 443 564 461; x_wconf 78' lang='lat' dir='ltr'>autem,</span> <span class='ocrx_word' id='word_1_38' title='bbox 570 438 631 465; x_wconf 84' lang='lat' dir='ltr'>quod,</span> <span class='ocrx_word' id='word_1_39' title='bbox 640 438 691 459; x_wconf 87' lang='lat' dir='ltr'>bone</span> 
     </span>
     <span class='ocr_line' id='line_1_7' title="bbox 106 465 691 493; baseline 0 -7"><span class='ocrx_word' id='word_1_40' title='bbox 106 465 179 489; x_wconf 41' lang='lat' dir='ltr'>‘Deum</span> <span class='ocrx_word' id='word_1_41' title='bbox 189 473 213 486; x_wconf 86' lang='lat' dir='ltr'>ne</span> <span class='ocrx_word' id='word_1_42' title='bbox 222 473 309 493; x_wconf 83' lang='lat' dir='ltr'>unquam</span> <span class='ocrx_word' id='word_1_43' title='bbox 318 466 390 490; x_wconf 73' lang='lat' dir='ltr'>liveris,</span> <span class='ocrx_word' id='word_1_44' title='bbox 398 466 468 486; x_wconf 74' lang='lat' dir='ltr'>aliter</span> <span class='ocrx_word' id='word_1_45' title='bbox 462 473 482 486; x_wconf 84' lang='lat' dir='ltr'>ln</span> <span class='ocrx_word' id='word_1_46' title='bbox 491 466 581 486; x_wconf 83' lang='lat' dir='ltr'>animum</span> <span class='ocrx_word' id='word_1_47' title='bbox 589 466 691 486; x_wconf 87' lang='lat' dir='ltr'>induxeri-</span> 
     </span>
     <span class='ocr_line' id='line_1_8' title="bbox 111 494 691 521; baseline 0 -7"><span class='ocrx_word' id='word_1_48' title='bbox 111 494 146 518; x_wconf 67' lang='lat' dir='ltr'>tin,</span> <span class='ocrx_word' id='word_1_49' title='bbox 157 494 186 514; x_wconf 81' lang='lat' dir='ltr'>fi</span> <span class='ocrx_word' id='word_1_50' title='bbox 181 501 201 514; x_wconf 80' lang='lat' dir='ltr'>in</span> <span class='ocrx_word' id='word_1_51' title='bbox 211 494 264 514; x_wconf 79' lang='lat' dir='ltr'>beno</span> <span class='ocrx_word' id='word_1_52' title='bbox 275 494 358 518; x_wconf 78' lang='lat' dir='ltr'>fortes‚&#39;</span> <span class='ocrx_word' id='word_1_53' title='bbox 353 501 373 514; x_wconf 86' lang='lat' dir='ltr'>m</span> <span class='ocrx_word' id='word_1_54' title='bbox 383 501 430 521; x_wconf 83' lang='lat' dir='ltr'>pace</span> <span class='ocrx_word' id='word_1_55' title='bbox 441 499 507 521; x_wconf 85' lang='lat' dir='ltr'>turpes</span> <span class='ocrx_word' id='word_1_56' title='bbox 515 494 577 517; x_wconf 77' lang='lat' dir='ltr'>eritis,</span> <span class='ocrx_word' id='word_1_57' title='bbox 585 495 620 521; x_wconf 93' lang='lat' dir='ltr'>qui</span> <span class='ocrx_word' id='word_1_58' title='bbox 628 495 691 514; x_wconf 77' lang='lat' dir='ltr'>mani-</span> 
     </span>
     <span class='ocr_line' id='line_1_9' title="bbox 109 521 690 549; baseline 0 -6"><span class='ocrx_word' id='word_1_59' title='bbox 109 521 185 544; x_wconf 65' lang='lat' dir='ltr'>festum</span> <span class='ocrx_word' id='word_1_60' title='bbox 196 522 276 542; x_wconf 78' lang='lat' dir='ltr'>senfistis</span> <span class='ocrx_word' id='word_1_61' title='bbox 292 529 366 542; x_wconf 76' lang='lat' dir='ltr'>numen</span> <span class='ocrx_word' id='word_1_62' title='bbox 375 522 430 542; x_wconf 85' lang='lat' dir='ltr'>vobis</span> <span class='ocrx_word' id='word_1_63' title='bbox 444 527 485 542; x_wconf 81' lang='lat' dir='ltr'>tam</span> <span class='ocrx_word' id='word_1_64' title='bbox 500 522 616 549; x_wconf 86' lang='lat' dir='ltr'>propitium,</span> <span class='ocrx_word' id='word_1_65' title='bbox 629 522 690 543; x_wconf 81' lang='lat' dir='ltr'>hosti-</span> 
     </span>
     <span class='ocr_line' id='line_1_10' title="bbox 108 549 689 577; baseline 0 -7"><span class='ocrx_word' id='word_1_66' title='bbox 108 549 149 570; x_wconf 71' lang='lat' dir='ltr'>bus</span> <span class='ocrx_word' id='word_1_67' title='bbox 160 555 202 570; x_wconf 73' lang='lat' dir='ltr'>tarn</span> <span class='ocrx_word' id='word_1_68' title='bbox 212 557 279 577; x_wconf 78' lang='lat' dir='ltr'>grave,</span> <span class='ocrx_word' id='word_1_69' title='bbox 292 557 356 577; x_wconf 83' lang='lat' dir='ltr'>neque</span> <span class='ocrx_word' id='word_1_70' title='bbox 368 550 462 577; x_wconf 82' lang='lat' dir='ltr'>exemplo</span> <span class='ocrx_word' id='word_1_71' title='bbox 476 554 516 570; x_wconf 84' lang='lat' dir='ltr'>tam</span> <span class='ocrx_word' id='word_1_72' title='bbox 530 550 601 577; x_wconf 82' lang='lat' dir='ltr'>infigni</span> <span class='ocrx_word' id='word_1_73' title='bbox 612 555 632 570; x_wconf 88' lang='lat' dir='ltr'>et</span> <span class='ocrx_word' id='word_1_74' title='bbox 646 557 689 570; x_wconf 88' lang='lat' dir='ltr'>me-</span> 
     </span>
     <span class='ocr_line' id='line_1_11' title="bbox 107 578 688 606; baseline 0 -8"><span class='ocrx_word' id='word_1_75' title='bbox 107 578 205 598; x_wconf 81' lang='lat' dir='ltr'>morando</span> <span class='ocrx_word' id='word_1_76' title='bbox 211 583 256 598; x_wconf 81' lang='lat' dir='ltr'>ante</span> <span class='ocrx_word' id='word_1_77' title='bbox 263 578 331 598; x_wconf 87' lang='lat' dir='ltr'>oculos</span> <span class='ocrx_word' id='word_1_78' title='bbox 339 578 408 606; x_wconf 85' lang='lat' dir='ltr'>pofito,</span> <span class='ocrx_word' id='word_1_79' title='bbox 417 578 485 598; x_wconf 86' lang='lat' dir='ltr'>Deum</span> <span class='ocrx_word' id='word_1_80' title='bbox 492 578 562 601; x_wconf 81' lang='lat' dir='ltr'>vereri,</span> <span class='ocrx_word' id='word_1_81' title='bbox 569 578 688 604; x_wconf 80' lang='lat' dir='ltr'>etjustitiam</span> 
     </span>
     <span class='ocr_line' id='line_1_12' title="bbox 108 605 689 633; baseline 0 -7"><span class='ocrx_word' id='word_1_82' title='bbox 108 605 176 626; x_wconf 72' lang='lat' dir='ltr'>colere</span> <span class='ocrx_word' id='word_1_83' title='bbox 185 606 300 629; x_wconf 77' lang='lat' dir='ltr'>didiceritis,</span> <span class='ocrx_word' id='word_1_84' title='bbox 309 606 362 633; x_wconf 85' lang='lat' dir='ltr'>quod</span> <span class='ocrx_word' id='word_1_85' title='bbox 368 606 392 626; x_wconf 86' lang='lat' dir='ltr'>ad</span> <span class='ocrx_word' id='word_1_86' title='bbox 400 613 433 626; x_wconf 88' lang='lat' dir='ltr'>me</span> <span class='ocrx_word' id='word_1_87' title='bbox 441 606 517 629; x_wconf 81' lang='lat' dir='ltr'>attinet,</span> <span class='ocrx_word' id='word_1_88' title='bbox 524 606 631 626; x_wconf 84' lang='lat' dir='ltr'>concedam</span> <span class='ocrx_word' id='word_1_89' title='bbox 638 606 689 630; x_wconf 63' lang='lat' dir='ltr'>sane,</span> 
     </span>
     <span class='ocr_line' id='line_1_13' title="bbox 109 633 690 661; baseline -0.002 -7"><span class='ocrx_word' id='word_1_90' title='bbox 109 639 130 654; x_wconf 79' lang='lat' dir='ltr'>et</span> <span class='ocrx_word' id='word_1_91' title='bbox 140 633 225 657; x_wconf 79' lang='lat' dir='ltr'>fatebor,</span> <span class='ocrx_word' id='word_1_92' title='bbox 235 641 298 661; x_wconf 87' lang='lat' dir='ltr'>neque</span> <span class='ocrx_word' id='word_1_93' title='bbox 309 634 363 654; x_wconf 87' lang='lat' dir='ltr'>enim</span> <span class='ocrx_word' id='word_1_94' title='bbox 373 639 442 661; x_wconf 87' lang='lat' dir='ltr'>potero</span> <span class='ocrx_word' id='word_1_95' title='bbox 449 640 528 661; x_wconf 81' lang='lat' dir='ltr'>negare,</span> <span class='ocrx_word' id='word_1_96' title='bbox 538 641 560 653; x_wconf 84' lang='lat' dir='ltr'>ea</span> <span class='ocrx_word' id='word_1_97' title='bbox 570 634 637 654; x_wconf 85' lang='lat' dir='ltr'>omnia</span> <span class='ocrx_word' id='word_1_98' title='bbox 646 641 690 661; x_wconf 75' lang='lat' dir='ltr'>quae</span> 
     </span>
     <span class='ocr_line' id='line_1_14' title="bbox 109 661 689 689; baseline 0 -7"><span class='ocrx_word' id='word_1_99' title='bbox 109 668 163 682; x_wconf 83' lang='lat' dir='ltr'>nunc</span> <span class='ocrx_word' id='word_1_100' title='bbox 173 662 265 682; x_wconf 76' lang='lat' dir='ltr'>maledici</span> <span class='ocrx_word' id='word_1_101' title='bbox 275 667 295 682; x_wconf 86' lang='lat' dir='ltr'>et</span> <span class='ocrx_word' id='word_1_102' title='bbox 308 662 412 682; x_wconf 81' lang='lat' dir='ltr'>mendaces</span> <span class='ocrx_word' id='word_1_103' title='bbox 422 662 446 682; x_wconf 84' lang='lat' dir='ltr'>de</span> <span class='ocrx_word' id='word_1_104' title='bbox 456 662 511 682; x_wconf 78' lang='lat' dir='ltr'>vobis</span> <span class='ocrx_word' id='word_1_105' title='bbox 524 661 604 689; x_wconf 72' lang='lat' dir='ltr'>pessime</span> <span class='ocrx_word' id='word_1_106' title='bbox 614 668 648 682; x_wconf 81' lang='lat' dir='ltr'>aut</span> <span class='ocrx_word' id='word_1_107' title='bbox 659 663 689 682; x_wconf 91' lang='lat' dir='ltr'>lo-</span> 
     </span>
     <span class='ocr_line' id='line_1_15' title="bbox 109 689 689 717; baseline 0 -7"><span class='ocrx_word' id='word_1_108' title='bbox 109 695 200 717; x_wconf 78' lang='lat' dir='ltr'>quuntur</span> <span class='ocrx_word' id='word_1_109' title='bbox 209 695 244 710; x_wconf 80' lang='lat' dir='ltr'>aut</span> <span class='ocrx_word' id='word_1_110' title='bbox 256 690 349 713; x_wconf 84' lang='lat' dir='ltr'>sentiunt,</span> <span class='ocrx_word' id='word_1_111' title='bbox 358 697 403 710; x_wconf 77' lang='lat' dir='ltr'>vera</span> <span class='ocrx_word' id='word_1_112' title='bbox 418 690 469 710; x_wconf 83' lang='lat' dir='ltr'>effe:</span> <span class='ocrx_word' id='word_1_113' title='bbox 485 689 556 717; x_wconf 69' lang='lat' dir='ltr'>V⁰sti¹¹0</span> <span class='ocrx_word' id='word_1_114' title='bbox 573 690 637 710; x_wconf 88' lang='lat' dir='ltr'>multo</span> <span class='ocrx_word' id='word_1_115' title='bbox 651 690 689 710; x_wconf 83' lang='lat' dir='ltr'>ira-</span> 
     </span>
     <span class='ocr_line' id='line_1_16' title="bbox 109 718 688 745; baseline 0 -8"><span class='ocrx_word' id='word_1_116' title='bbox 109 718 183 738; x_wconf 78' lang='lat' dir='ltr'>tim-em</span> <span class='ocrx_word' id='word_1_117' title='bbox 196 718 252 737; x_wconf 84' lang='lat' dir='ltr'>brevi</span> <span class='ocrx_word' id='word_1_118' title='bbox 264 723 353 745; x_wconf 82' lang='lat' dir='ltr'>tempore</span> <span class='ocrx_word' id='word_1_119' title='bbox 367 725 391 738; x_wconf 85' lang='lat' dir='ltr'>ex</span> <span class='ocrx_word' id='word_1_120' title='bbox 407 718 468 738; x_wconf 86' lang='lat' dir='ltr'>erturi</span> <span class='ocrx_word' id='word_1_121' title='bbox 481 718 525 738; x_wconf 86' lang='lat' dir='ltr'>estis</span> <span class='ocrx_word' id='word_1_122' title='bbox 537 718 613 741; x_wconf 80' lang='lat' dir='ltr'>Deum,</span> <span class='ocrx_word' id='word_1_123' title='bbox 627 725 688 745; x_wconf 80' lang='lat' dir='ltr'><strong>quam</strong></span> 
     </span>
     <span class='ocr_line' id='line_1_17' title="bbox 108 725 688 773; baseline -0.002 -7"><span class='ocrx_word' id='word_1_124' title='bbox 108 751 145 766; x_wconf 67' lang='lat' dir='ltr'>tut</span> <span class='ocrx_word' id='word_1_125' title='bbox 159 745 259 766; x_wconf 85' lang='lat' dir='ltr'>infensum</span> <span class='ocrx_word' id='word_1_126' title='bbox 274 746 351 766; x_wconf 88' lang='lat' dir='ltr'>inimici</span> <span class='ocrx_word' id='word_1_127' title='bbox 366 725 431 769; x_wconf 48' lang='lat' dir='ltr'>veizu-i,</span> <span class='ocrx_word' id='word_1_128' title='bbox 446 750 480 765; x_wconf 82' lang='lat' dir='ltr'>aut</span> <span class='ocrx_word' id='word_1_129' title='bbox 495 752 528 765; x_wconf 82' lang='lat' dir='ltr'>vos</span> <span class='ocrx_word' id='word_1_130' title='bbox 543 745 653 773; x_wconf 83' lang='lat' dir='ltr'>benignum</span> <span class='ocrx_word' id='word_1_131' title='bbox 668 751 688 766; x_wconf 86' lang='lat' dir='ltr'>et</span> 
     </span>
     <span class='ocr_line' id='line_1_18' title="bbox 109 773 687 801; baseline -0.002 -7"><span class='ocrx_word' id='word_1_132' title='bbox 109 773 211 794; x_wconf 76' lang='lat' dir='ltr'>faventem</span> <span class='ocrx_word' id='word_1_133' title='bbox 219 778 239 794; x_wconf 80' lang='lat' dir='ltr'>et</span> <span class='ocrx_word' id='word_1_134' title='bbox 245 778 357 801; x_wconf 84' lang='lat' dir='ltr'>paternum,</span> <span class='ocrx_word' id='word_1_135' title='bbox 364 781 402 801; x_wconf 82' lang='lat' dir='ltr'>prae</span> <span class='ocrx_word' id='word_1_136' title='bbox 409 774 483 794; x_wconf 78' lang='lat' dir='ltr'>caeteris</span> <span class='ocrx_word' id='word_1_137' title='bbox 489 774 581 794; x_wconf 83' lang='lat' dir='ltr'>omnibus</span> <span class='ocrx_word' id='word_1_138' title='bbox 591 778 687 794; x_wconf 82' lang='lat' dir='ltr'>terrarum</span> 
     </span>
     <span class='ocr_line' id='line_1_19' title="bbox 106 801 532 829; baseline 0 -7"><span class='ocrx_word' id='word_1_139' title='bbox 106 802 164 822; x_wconf 73' lang='lat' dir='ltr'>orbis</span> <span class='ocrx_word' id='word_1_140' title='bbox 174 802 266 829; x_wconf 80' lang='lat' dir='ltr'>gentibus</span> <span class='ocrx_word' id='word_1_141' title='bbox 277 801 383 826; x_wconf 82' lang='lat' dir='ltr'>hodiernis,</span> <span class='ocrx_word' id='word_1_142' title='bbox 394 802 472 829; x_wconf 78' lang='lat' dir='ltr'>experti</span> <span class='ocrx_word' id='word_1_143' title='bbox 481 801 532 822; x_wconf 72' lang='lat' dir='ltr'>estiS.</span> 
     </span>
    </p>
   </div>
   <div class='ocr_carea' id='block_1_3' title="bbox 302 978 479 1190">
    <p class='ocr_par' dir='ltr' id='par_1_3' title="bbox 302 978 479 1190">
     <span class='ocr_line' id='line_1_20' title="bbox 302 978 479 1190; baseline 0 393"><span class='ocrx_word' id='word_1_144' title='bbox 302 978 479 1190; x_wconf 95' lang='lat' dir='ltr'> </span> 
     </span>
    </p>
   </div>
  </div>
 </body>
</html>
