2888 5204
137 579 192 664 34
411 544 503 636 Pro
528 534 715 673 Populo
741 533 1010 669 Anglicano

131 713 197 821 jus
208 712 411 795 summum
423 733 491 797 aut
501 713 717 809 remiffum,
731 713 920 824 scripturn
932 729 1000 792 aut
1011 737 1090 790 non
1099 706 1291 815 scriptum

139 827 188 906 ad
209 826 402 908 maleficia
429 829 687 937 perpetranda
713 827 787 905 effe
815 824 969 937 potest?
999 822 1118 902 Idne
1143 820 1218 900 tibi
1241 818 1290 896 de

139 939 226 1018 aliis
245 940 473 1032 concedere,
493 940 541 1019 de
563 966 653 1046 rege
669 965 882 1048 pernegare
897 938 939 1015 in
952 953 1128 1014 mentem
1144 931 1290 1023 veniat,

142 1048 269 1130 habeo
285 1079 406 1158 quern
422 1051 495 1131 tibi
511 1078 726 1160 opponam,
743 1068 782 1130 et
796 1069 893 1158 puto
911 1074 1060 1155 regem,
1075 1044 1147 1154 qui
1163 1038 1291 1123 istius-

142 1163 252 1243 modi
264 1163 330 1268 jus
349 1163 506 1270 regium
524 1182 564 1241 et
583 1163 653 1242 fibi
672 1181 712 1241 et
731 1163 823 1242 Deo
842 1159 1011 1240 invisum
1030 1156 1105 1237 effe
1129 1153 1294 1265 profite⁴

143 1294 231 1355 tur:
273 1273 373 1354 Psal.
399 1299 469 1381 94.
501 1304 551 1354 an
574 1273 843 1382 corffociaretur
860 1270 1076 1376 tibisolium
1101 1295 1294 1348 arumna-

129 1416 241 1479 rum,
241 1385 452 1497 formantis
464 1386 655 1495 molestiam
660 1404 733 1494 per
729 1385 933 1493 statutum.
957 1383 1057 1464 Noli
1069 1380 1193 1488 igitur
1202 1380 1295 1458 Deo

144 1495 247 1577 hanc
277 1499 552 1577 atrocissimam
584 1497 768 1603 injuriam
792 1496 934 1588 facere,
958 1493 1065 1602 quafi
1090 1495 1124 1571 is
1150 1515 1294 1599 regum

144 1610 352 1718 pravitates
376 1630 416 1690 et
440 1610 587 1690 nefaria
611 1609 784 1689 facinora
801 1609 865 1714 jus
891 1608 966 1686 effe
991 1606 1148 1713 regium
1174 1602 1295 1682 doce-

146 1740 218 1814 ret,
235 1722 305 1830 qui
329 1723 449 1802 etiam
469 1719 546 1802 hoc
566 1723 726 1801 nomine
747 1720 970 1801 societatem
989 1745 1083 1797 curn
1102 1712 1296 1824 improbis

146 1834 303 1939 regibus
323 1833 359 1912 se
379 1833 558 1913 detestari
577 1834 707 1927 docet,
727 1830 834 1940 qubd
854 1830 1075 1911 molestiam
1093 1846 1134 1906 et
1152 1853 1297 1906 aemm-

146 1971 213 2023 nas
243 1972 380 2024 omnes
409 1946 558 2054 populo
578 1945 677 2050 juris
710 1945 809 2052 regii
841 1943 956 2022 titulo
975 1968 1105 2021 creare
1132 1938 1295 2019 soleant.

148 2056 249 2135 Noli
270 2055 510 2165 Prophetam
523 2058 602 2136 Dei
618 2054 715 2136 salto
729 2056 970 2149 insunulare3
991 2080 1128 2161 quern,
1141 2069 1185 2131 tu
1195 2051 1297 2129 dum

141 2166 241 2272 juris
256 2169 356 2275 regii
368 2168 440 2248 isto
452 2170 541 2249 loco
552 2169 754 2248 doctorem
767 2166 910 2248 habere
922 2185 1049 2276 putas,
1062 2191 1141 2243 non
1154 2189 1296 2242 verum

148 2278 261 2358 nobis
275 2279 390 2361 affers
407 2280 650 2375 Samuelem3
682 2280 761 2373 sed,
781 2299 826 2360 ut
844 2277 1017 2359 venefica
1035 2276 1118 2370 illa,
1138 2276 1298 2353 inanem

149 2391 332 2470 umbram
348 2420 508 2489 evocas;
540 2394 719 2500 quamvis
735 2410 776 2470 et
790 2391 905 2470 illum
921 2391 970 2470 ab
984 2387 1118 2468 inferis
1132 2388 1301 2465 Samue-

147 2501 228 2581 lem
252 2531 332 2583 non
356 2504 454 2584 adeb
480 2505 713 2583 mendacem
736 2501 848 2582 fuiffe
876 2502 1050 2594 credam,
1074 2499 1172 2607 quin
1196 2496 1297 2576 illud

148 2614 256 2720 quod
274 2633 314 2694 tu
329 2616 393 2720 jus
415 2617 570 2722 regium
583 2645 711 2709 vocas,
726 2614 1002 2725 impotentiam
1021 2608 1153 2721 potibs
1167 2627 1300 2716 tyran-

150 2726 281 2803 nicam
305 2726 478 2806 dicturus
503 2726 644 2807 fuiffet.
705 2729 777 2832 Jus
801 2729 937 2806 datum
960 2724 1092 2803 sceleri
1112 2723 1299 2829 legimus,

151 2853 274 2942 tuque
288 2836 447 2916 licentiae
446 2836 541 2942 jure
553 2838 718 2948 conceffae
729 2868 832 2946 reges
842 2834 961 2917 minus
969 2835 1073 2916 bonos
1085 2833 1144 2914 uti
1152 2831 1300 2940 corfire-

151 2947 239 3057 viffe
250 2948 318 3028 ais.
344 2944 1300 3058 Atjushocadperniciemhumanigenerisabste

151 3059 420 3139 introductum
433 3060 723 3141 noneffebDeo
732 3063 869 3141 datum
881 3059 1148 3169 probavimus3
1169 3056 1301 3149 restat,

154 3190 199 3251 ut
212 3168 493 3264 fithiabolm
513 3176 621 3281 quod
632 3171 733 3253 infrb
745 3169 886 3253 clariiss
897 3170 1080 3279 liquebit.
1111 3168 1304 3262 Haec‚in-

153 3284 257 3390 quis,
270 3283 419 3363 licentia
430 3284 495 3363 dat
500 3285 609 3394 pqffe,
608 3286 652 3390 st
659 3286 752 3365 velis
764 3316 778 3376 ;
808 3280 1069 3364 etautborem
1079 3278 1195 3386 hujus
1201 3279 1304 3386 juris

154 3392 297 3474 habere
311 3396 547 3475 Ciceronem
560 3425 637 3505 prae
650 3415 687 3475 te
701 3396 792 3477 fers.
852 3397 1073 3502 Nunquam
1086 3390 1185 3500 aegre
1198 3390 1304 3472 facio

155 3525 200 3585 ut
214 3507 433 3587 testimonia
449 3526 515 3587 tua
530 3509 707 3603 recitem,
722 3509 798 3588 tuis
812 3507 920 3586 enim
937 3506 1017 3616 ipse
1033 3505 1192 3585 testibus
1205 3530 1305 3584 con·

156 3617 271 3698 ficere
296 3638 334 3698 te
359 3618 468 3700 soles.
527 3621 636 3699 Audi
664 3621 784 3727 igitur
811 3619 928 3698 verba
955 3617 1157 3697 Ciceronis
1186 3617 1230 3695 in
1254 3619 1304 3716 4¹⁸

159 3728 307 3838 Philip.
367 3734 463 3837 Qae
474 3730 585 3835 causa
592 3730 730 3840 justior
747 3731 794 3839 est
813 3729 901 3810 belli
911 3728 1077 3837 gerendi,
1096 3725 1304 3837 quiniser·

156 3842 292 3920 vitutis
302 3840 488 3949 depufflo?
518 3843 555 3922 in
570 3872 644 3952 qua
659 3843 801 3948 etiamst
811 3871 879 3923 non
881 3843 939 3948 fit
953 3841 1113 3949 molestus
1125 3839 1303 3932 dominus,

157 3969 278 4032 tamen
297 3953 345 4061 est
363 3952 600 4058 mfferrimutn
613 3954 755 4064 poffiſs
770 3954 877 4034 velit.
929 3954 1039 4034 Poffe
1062 3953 1103 4030 vi
1129 3952 1300 4043 scilicet3

158 4089 251 4141 nam
270 4064 318 4142 de
331 4064 420 4168 jure
441 4065 467 4143 fi
486 4065 726 4172 loqueretur,
747 4066 1004 4174 repugnantia
1021 4065 1183 4158 diceret,
1197 4082 1302 4143 etex

152 4172 255 4279 justa
267 4174 361 4252 belli
373 4176 484 4255 causa
501 4177 681 4282 injustam
694 4176 852 4256 faceret.
913 4177 1010 4257 Non
1030 4176 1086 4256 est
1105 4173 1304 4283 igiturjus

160 4287 315 4393 regium
334 4288 442 4394 quod
465 4306 506 4367 tu
524 4289 719 4383 describis,
741 4288 804 4368 sed
821 4288 975 4395 injuria,
991 4288 1054 4368 sed
1067 4289 1139 4381 vis,
1159 4307 1201 4367 et
1217 4288 1304 4366 vio-

159 4399 278 4478 lentia
289 4426 443 4506 regum.
503 4401 659 4480 Transrs
673 4400 721 4479 ab
735 4401 841 4507 regia
854 4401 1010 4481 licentia
1026 4400 1074 4479 ad
1089 4402 1302 4507 privatam:

158 4509 243 4589 licet
254 4511 411 4620 privato
429 4511 590 4605 mentiri,
610 4513 697 4592 licet
714 4512 862 4620 ingrato
881 4512 958 4622 effe.
1018 4512 1132 4591 Licet
1145 4529 1186 4590 et
1200 4511 1305 4618 regi-

158 4621 255 4714 bus3
284 4622 382 4730 quid
402 4624 492 4702 inde
513 4623 662 4704 efficis?
692 4624 828 4703 licebit
846 4623 942 4731 ergb
962 4622 1120 4731 regibus
1140 4618 1305 4731 impune

157 4761 307 4842 rapere,
324 4734 518 4829 occidere,
533 4735 733 4844 stuprare?
792 4737 904 4848 Qid
924 4735 1083 4817 interest
1096 4736 1145 4814 ad
1157 4734 1307 4841 injuriae
