2888 5204
140 191 224 267 424
342 146 568 245 Authoris
590 146 652 243 ad
677 143 938 243 Alexandri
961 145 1096 241 Mori

140 344 246 406 tator
264 323 552 406 infestiffimus:
585 321 866 403 Beelsebubem
893 349 1019 429 prope
1044 320 1217 399 alterum
1233 316 1278 395 di·

142 465 220 532 cas,
234 439 305 518 nifi
324 437 431 546 quod
452 437 517 516 ille
536 434 713 514 muscas:
744 434 908 513 Laboris
922 434 1076 541 alioqui
1092 429 1279 511 intoleran-

140 551 230 645 tior,
244 550 338 629 teste
357 551 478 628 etiam
497 548 696 627 laudatore
716 546 924 639 Salmafio;
953 545 1067 650 cujus
1086 563 1131 623 et
1149 569 1279 621 uxoren

142 664 252 741 uarii
268 660 431 767 leserat,
451 681 491 739 et
517 661 593 739 alia
618 658 798 767 quaedam
824 657 1077 738 commiserat
1100 652 1280 759 incorfide·

142 776 286 855 ratione
299 773 375 853 tali
384 772 523 852 bomine
538 771 704 877 indigni.
743 772 841 849 Hac
852 771 902 850 ab
915 771 1054 849 amicis
1071 794 1119 847 ac
1136 766 1281 847 testibus

143 889 220 966 tuis
241 888 297 965 vis
318 884 398 995 ipsa
415 885 587 963 veritatis
610 883 816 992 expreffit;
847 910 934 990 quae
952 882 1138 988 quamvis
1161 877 1280 957 favore

144 1018 184 1076 et
203 998 329 1077 studio
348 997 568 1075 dicentium
588 996 628 1073 in
647 995 873 1075 molliorem
899 1014 1054 1103 partem
1073 990 1282 1079 flectantur,

143 1110 335 1216 ejusmodi
355 1127 486 1188 tamen
502 1107 589 1187 sunt
603 1134 689 1214 quae
704 1108 909 1213 ingenium
926 1124 1043 1185 tuum
1057 1104 1194 1213 palam
1206 1130 1284 1181 om-

143 1221 259 1303 nibus
277 1221 438 1314 faciant,
457 1240 497 1298 et
516 1217 632 1325 hujus
652 1218 863 1299 testimonii
890 1220 1010 1298 totius
1036 1216 1165 1297 fidem
1188 1213 1285 1293 infir·

143 1362 252 1414 mare
278 1332 383 1413 haud
410 1331 664 1412 mediocriter
688 1350 805 1439 atque
831 1329 1045 1436 infringere
1063 1328 1285 1407 videantur:

143 1446 254 1552 cujus
269 1446 387 1525 altera
403 1472 492 1553 pars
506 1443 692 1551 probum,
708 1442 958 1535 inoffensum,
975 1442 1169 1532 landum,
1183 1436 1287 1518 omni

145 1558 231 1638 labe
257 1586 303 1637 ac
326 1558 423 1637 vitio
451 1577 664 1648 carentem,
685 1556 803 1635 altera
828 1553 1136 1646 contentiosum,
1158 1552 1286 1631 turbu·

143 1668 311 1762 lentum,
331 1688 594 1774 arrogantem,
614 1667 834 1775 garrulum,
861 1668 1066 1773 ignavum,
1087 1664 1307 1771 injurium..

142 1779 471 1860 inconfideratum
508 1780 678 1887 denique
712 1800 753 1859 et
785 1778 949 1859 stultum
983 1777 1097 1859 nobis
1132 1774 1289 1857 exhibet

145 1892 328 1973 Morum.
387 1893 453 1971 Sic
480 1889 557 1971 fuit
586 1911 653 1971 tua
680 1890 775 1971 fides
804 1891 978 2000 publica,
998 1890 1039 1969 id
1067 1886 1140 1983 est,
1162 1887 1288 1969 nulla:

145 2007 347 2084 reverteris
363 2031 468 2084 nunc
485 2005 632 2083 iterum
647 2004 697 2082 ad
716 2006 923 2112 privatam,
935 2030 1022 2110 quae
1034 2000 1147 2081 nulla
1167 2001 1289 2081 minor

144 2116 214 2200 est.
271 2119 332 2195 At
351 2115 452 2195 vr‘des
470 2114 628 2207 interea,
647 2116 793 2222 inquis,
812 2114 922 2224 quim
940 2142 1010 2195 non
1032 2111 1227 2193 tralatitio
1240 2136 1292 2191 ne

144 2226 346 2335 dignentur
363 2226 519 2335 affiblu,
539 2256 626 2336 quos
643 2246 687 2307 tu
706 2227 767 2307 vis
794 2227 889 2307 mihi
896 2226 1044 2333 furcas
1062 2242 1289 2334 comparare.

145 2338 281 2419 Immo
296 2358 338 2419 tu
355 2339 459 2431 vide,
476 2340 503 2418 fi
523 2359 649 2446 potes,
666 2338 723 2417 irrl
740 2359 859 2446 atque
874 2338 1044 2419 amentil
1063 2336 1292 2446 impeditus,

144 2447 265 2558 quam
293 2447 546 2530 vehementer
576 2448 840 2544 hallucineris,
868 2447 991 2559 qulam
1016 2449 1121 2529 nihil
1149 2442 1291 2529 attenti

144 2588 248 2668 agas.
308 2562 405 2641 Non
432 2588 507 2667 ego
535 2560 612 2642 hoc
637 2561 681 2643 de
709 2562 887 2655 Batauis,
914 2561 977 2641 [εά
999 2559 1290 2640 Genevenfibus

145 2673 315 2778 intelligi
329 2674 511 2752 volebam
525 2704 535 2764 ;
568 2701 640 2753 nec
655 2675 753 2782 quid
765 2670 807 2752 hi
822 2672 1046 2765 statuiffent,
1062 2672 1127 2752 [εά
1141 2670 1240 2779 quid
1251 2689 1289 2749 tu

144 2783 358 2864 meruiffes.
439 2784 574 2880 Verba,
609 2787 755 2892 inquis,
790 2805 859 2865 tna
896 2784 1116 2891 recognosce,
1156 2780 1292 2892 Orestis

143 2898 282 2979 cernale.
318 2896 590 3004 Recognosce,
607 2899 786 3004 inquam,
804 2899 841 2975 0
859 2897 965 2977 restis
979 2896 1135 2977 aemulel
1170 2895 1290 2999 Cujus

145 3008 291 3117 flagitia
319 3008 345 3087 fi
378 3037 449 3117 pro
478 3010 629 3088 meritis
655 3008 863 3117 excepiffet
890 3008 1163 3114 Magistratus,
1188 3008 1291 3113 jam·

145 3122 297 3202 dudum
318 3120 507 3199 adulteria
526 3118 704 3227 patibulo
723 3121 897 3229 pendens
915 3120 1069 3201 luilles:
1101 3121 1294 3199 nimirum

147 3234 331 3326 Genevae,
356 3232 424 3310 ubi
452 3232 633 3312 adulterii
656 3232 806 3313 delatus
833 3261 939 3326 eras;
969 3233 1018 3310 ad
1042 3231 1140 3311 alios
1165 3230 1291 3337 magi-

146 3344 280 3424 stratus
319 3345 495 3451 cognitio
531 3345 638 3424 illius
674 3344 767 3425 facti
808 3345 1000 3451 pertinere
1034 3370 1114 3423 non
1148 3343 1290 3451 potuit.

149 3461 250 3564 Quae
269 3456 484 3563 sequuntur
503 3455 621 3565 porrd
641 3475 680 3535 et
699 3457 865 3536 luiturus
885 3455 1117 3564 propediem
1137 3454 1291 3544 viderie,

146 3585 185 3644 et
206 3566 285 3646 haec
307 3596 385 3646 non
406 3570 525 3647 iratus
546 3568 618 3648 tibi
638 3570 807 3659 ominor,
825 3568 888 3646 [εά
904 3568 1093 3647 duntaxat
1106 3566 1174 3671 jus
1189 3568 1290 3655 dico,

146 3676 261 3758 facile
281 3680 561 3773 demonstrant,
584 3707 659 3757 non
689 3698 774 3759 tum
801 3680 1015 3787 praedixille
1043 3708 1108 3759 me
1128 3680 1226 3785 quid
1252 3679 1292 3755 lis

39 3828 44 3839 ·
147 3790 335 3898 paliurus,
356 3790 418 3868 sed
446 3790 707 3899 pronuntiaffe
728 3793 824 3898 quid
843 3791 934 3871 effes
946 3794 1142 3883 meritum
1175 3788 1290 3897 ldque

149 3897 260 4007 (cum
289 3901 338 3981 de
368 3900 479 3982 nobis
504 3903 583 4012 ipse
611 3905 717 4012 prior
738 3903 958 4009 judicaffes)
985 3905 1067 4010 pari
1088 3903 1180 4008 jure
1204 3928 1291 3983 meo

149 4012 292 4093 fecisse.
352 4014 490 4093 Inunc
504 4044 581 4095 non
598 4016 841 4095 conscientia
854 4016 1090 4122 integritate,
1104 4042 1182 4092 non
1194 4012 1291 4121 jussl

148 4124 384 4218 defensione,
405 4125 468 4205 [εά
489 4123 678 4206 scelerum
702 4128 937 4236 impunitate
957 4124 1064 4234 quod
1084 4123 1180 4205 facis
1200 4122 1293 4207 effer

149 4258 185 4317 te
214 4257 253 4318 et
276 4239 456 4346 gloriare.
515 4239 634 4334 Huic,
664 4240 808 4347 inquis,
826 4239 967 4346 fungo,
995 4256 1113 4346 nuper
1139 4239 1159 4316 l
1189 4256 1295 4317 terre·

147 4370 234 4430 nato
251 4380 356 4459 quem
374 4368 443 4432 aut
462 4382 547 4462 quos
565 4350 739 4462 opposta?
797 4354 912 4431 Erras
929 4351 1120 4443 More,et
1136 4373 1291 4429 menon
