2888 5204
144 173 221 279 398
392 156 617 255 Authoris
643 154 798 289 prose
825 152 1052 255 Defenfio

141 337 273 428 dutus,
292 353 336 415 ut
352 331 677 443 Phoenicopterus
697 331 826 412 nescio
845 333 933 440 quis
950 328 1098 441 potiira,
1117 349 1159 409 et
1178 356 1286 409 exon·

143 448 225 527 nati
244 445 434 555 quiddam
453 446 617 526 monstri
637 443 761 523 [imile
779 443 967 528 videatur.
1012 445 1122 522 Aves
1140 439 1288 521 Aristo·

143 558 330 667 phanicas
349 557 559 666 expoliaffe
578 553 787 636 hominem
805 556 976 650 dicerem
999 554 1064 634 sed
1085 553 1192 634 mala
1208 578 1285 647 ave,

145 672 188 751 ni
207 669 322 749 fallor
339 699 350 762 ;
382 697 477 750 cum
496 670 534 747 se
553 695 633 748 non
649 666 737 773 jam
764 665 940 748 fabulam
961 694 1093 774 agere,
1113 666 1180 745 sed
1197 692 1285 774 apo-

146 783 287 888 logum
305 781 537 891 AEsopicum
560 782 601 861 in
625 779 822 860 severum
846 779 1110 859 demonstrare
1130 778 1288 857 nudatus

146 893 355 1000 intelliget.
417 891 526 973 Cum
545 893 653 971 enim
679 890 791 971 hasce
816 892 970 1000 plumas
997 918 1071 971 nec
1094 911 1182 971 tuas
1205 888 1286 980 effe,

146 1006 283 1099 More,
302 1023 342 1083 et
371 1007 515 1113 partim
543 1003 746 1096 obsoletas,
767 1031 930 1112 quaeque
955 1002 1022 1082 sud
1040 1003 1180 1113 sponte
1199 1026 1287 1081 mox

146 1117 333 1211 defluant,
354 1118 498 1225 partim
518 1115 619 1197 falfis
637 1117 834 1197 coloribus
848 1114 1012 1209 fucatas,
1026 1117 1176 1225 partim
1190 1112 1287 1204 dolo,

147 1231 337 1339 malisque
357 1229 504 1311 artibus
523 1228 714 1336 surreptas
733 1227 917 1321 docuero,
937 1227 1107 1307 dubium
1126 1252 1207 1306 non
1224 1223 1287 1317 est,

148 1344 246 1450 quin
275 1341 428 1421 delusus
455 1344 521 1421 abs
549 1359 587 1421 te
615 1340 714 1419 olim
743 1366 841 1446 grex
863 1341 1011 1432 avium,
1035 1366 1144 1419 nunc
1174 1336 1288 1417 fadus

148 1454 291 1533 certior
308 1454 379 1561 qui
404 1453 464 1545 fis,
484 1454 533 1533 de
560 1451 786 1560 repetundis
810 1451 958 1559 plumis
976 1449 1068 1555 jure
1093 1470 1230 1530 tecum
1251 1448 1290 1526 fit

148 1569 330 1658 aelurum
362 1583 401 1644 et
420 1563 550 1645 ablato
566 1563 731 1673 quisque
751 1562 833 1656 suo,
848 1561 1073 1642 obscoenam
1092 1561 1164 1642 sub
1184 1558 1290 1670 phoe·
1334 1616 1336 1633 .

147 1677 235 1755 nice
255 1703 433 1783 upupam
453 1701 532 1755 non
552 1675 783 1784 deplumem
802 1693 840 1754 te
859 1672 995 1767 modd,
1015 1673 1080 1755 sed
1099 1675 1290 1783 depygem

148 1787 312 1867 demum
333 1788 553 1896 relinquat:
585 1789 728 1867 Primae
752 1788 935 1868 omnium
961 1785 1084 1867 litera
1107 1788 1292 1866 Gemen-

134 1901 236 2005 ſsum
250 1895 516 2009 Tssimoniales
529 1900 687 1979 cristam
702 1899 775 1980 tibi
787 1900 968 2007 erigunt:
988 1924 1086 2006 quas
1098 1899 1159 1979 illi
1170 1894 1292 1977 multo

149 2012 328 2106 mallent,
345 2012 400 2094 sat
418 2011 511 2107 scio,
528 2031 596 2092 aut
614 2038 819 2119 nunquam
838 2011 911 2091 tibi
930 2011 1052 2104 datas,
1063 2012 1194 2119 qualis
1212 2007 1293 2120 pos-

151 2143 213 2205 tea
232 2124 394 2219 evafisti,
413 2143 481 2205 aut
506 2125 575 2205 abs
604 2143 642 2203 te
668 2151 872 2230 nunquam
895 2122 1077 2233 prolatas.
1137 2125 1296 2231 Semper

153 2264 230 2344 ego
249 2237 414 2344 quidem
432 2237 481 2316 de
498 2235 718 2315 Genevenfi
735 2237 922 2329 Civitate,
937 2262 1009 2344 pro
1028 2262 1077 2314 eo
1096 2261 1142 2315 ac
1162 2234 1296 2323 debeo,

153 2347 315 2429 honesta
344 2350 480 2429 omnia
509 2368 550 2428 et
576 2346 714 2428 sentire
743 2347 848 2428 soleo
872 2367 913 2427 et
935 2346 1071 2455 loqui:
1104 2346 1297 2455 religionis

151 2460 306 2541 cultum
327 2461 509 2568 purioris,
531 2456 787 2569 primumque
808 2460 996 2552 studium,
1017 2460 1058 2537 in
1079 2458 1295 2571 Republica

152 2572 292 2651 deinde
303 2571 852 2680 prudentiam,aequalitatem,
866 2571 1197 2665 moderationem,
1208 2596 1294 2650 con·

152 2684 332 2763 stantiam
352 2683 476 2795 prope
497 2685 672 2764 admiror
685 2713 696 2775 ;
725 2684 803 2793 qul
829 2684 865 2766 se
893 2703 975 2763 tam
998 2685 1117 2763 ardlis
1143 2682 1293 2772 finibus,

151 2797 253 2875 inter
272 2797 421 2877 vicinos
442 2796 535 2875 hinc
558 2797 649 2875 inde
670 2797 953 2905 potentiffimos
972 2813 1013 2875 et
1032 2797 1294 2883 imminentes,

152 2909 305 2988 summl
326 2910 366 2988 in
386 2937 481 3018 pace
501 2936 546 2988 ac
567 2908 745 2989 libertate
770 2936 841 3018 per
866 2927 925 2989 tot
946 2908 1033 3014 jam
1058 2934 1183 2987 annos
1208 2932 1295 2987 con-

152 3020 275 3101 servat
304 3040 344 3101 et
370 3041 527 3100 tuetur:
559 3017 776 3128 meliusque
802 3021 841 3098 in
871 3049 913 3100 re
939 3021 1008 3098 'vix
1040 3019 1236 3098 mediocri
1263 3032 1297 3094 et

152 3130 297 3213 melius
326 3133 366 3212 id
393 3135 475 3240 agit
502 3134 608 3240 quod
634 3133 761 3211 civilis
783 3135 872 3212 vitae
897 3132 1026 3212 omnis
1057 3131 1296 3268 Principium

151 3263 268 3383 atoue
299 3244 386 3324 finis
414 3245 484 3336 est,
513 3244 632 3351 idque
659 3243 808 3353 populo
836 3243 904 3324 suo
934 3243 1106 3324 foelicius
1138 3242 1296 3352 praestat‚

151 3384 273 3462 quam
292 3356 456 3437 summis
474 3357 616 3467 opibus
636 3356 825 3449 instrudi,
839 3355 1001 3435 summis
1020 3355 1211 3463 opinione
1229 3352 1297 3433 ho-

151 3469 309 3547 minum
343 3469 464 3573 adjuti
495 3468 664 3548 confiliis
695 3495 805 3575 reges
843 3469 1010 3547 maximi
1048 3466 1298 3547 servientibus

153 3580 330 3685 praestant
346 3582 436 3660 suis.
496 3582 560 3660 De
575 3579 867 3659 Genevenfibus
887 3581 1022 3687 igitur,
1035 3579 1147 3686 quod
1164 3604 1298 3659 eorum

152 3689 309 3768 laudem
330 3712 370 3770 et
388 3693 720 3772 existimationem
740 3691 855 3801 poffit
874 3692 1129 3784 imminuere,
1150 3688 1299 3771 nonest

153 3820 197 3880 ut
215 3802 431 3909 quicquam
447 3804 567 3882 velim
588 3822 655 3882 aut
675 3832 818 3912 queam
837 3803 984 3896 dicere,
1001 3802 1154 3882 etiamfi
1174 3803 1225 3882 de
1243 3799 1299 3880 his

152 3913 273 3992 literis
293 3915 643 3996 Testimonialibus
670 3945 715 3996 ea
743 3917 932 4008 dicerem,
960 3942 1047 4023 quae
1073 3931 1114 3994 et
1140 3913 1192 3993 ab
1219 3914 1300 3994 aliis

151 4024 255 4104 diua
280 4025 379 4107 olim
411 4026 481 4135 ipfi
515 4026 701 4121 fatentur,
732 4047 772 4109 et
795 4029 844 4108 ad
870 4056 935 4108 me
964 4022 1162 4107 recentius
1189 4026 1299 4107 allata

151 4136 251 4216 sunt.
310 4139 386 4218 Sed
414 4138 560 4218 neceffe
586 4167 667 4218 non
697 4139 775 4234 est;
808 4168 886 4220 non
913 4140 1043 4219 dicam
1071 4139 1197 4246 igitur
1225 4164 1301 4246 qua

149 4249 346 4329 occasione
373 4250 447 4329 fint
473 4252 595 4345 datae3
627 4271 832 4361 propterea
864 4251 972 4359 quod
999 4248 1080 4361 ipse
1108 4279 1190 4332 non
1215 4247 1300 4340 hac,

148 4361 212 4441 sed
230 4361 310 4441 alid
324 4362 501 4466 occaſsone
514 4363 620 4443 datas
636 4363 709 4443 effe
725 4364 793 4444 ait.
855 4365 951 4445 Non
965 4390 1156 4472 quaeram,
1167 4358 1301 4444 utriun
