2888 5204
166 209 244 284 144
434 172 524 260 Pro
551 164 733 297 Populo
755 164 1020 297 Anglicano

159 343 272 423 nobis
297 343 406 422 enim
432 340 521 421 satis
542 341 707 434 constat,
731 361 773 420 et
791 343 1176 452 Qinqueportnum
1197 371 1314 425 cura·

159 474 276 552 tores,
290 473 332 534 et
348 453 579 535 decuriones
595 452 767 545 urbicos,
782 479 1068 563 nonnunquam
1090 474 1132 537 et
1156 484 1314 537 merca·

156 585 260 646 tores
281 565 353 645 illo
379 563 510 645 seculo
531 563 726 643 baronum
751 565 913 643 nomine
936 567 1157 675 appellatos
1179 566 1311 663 fuiffe,

157 674 858 897 gillr‘ssslli'sssffizttscll?
868 677 1310 896 {missili

156 901 310 1008 potiore
324 900 487 980 barones
507 899 815 1007 nuncupaverit:
845 920 992 979 namet
1009 928 1113 982 anno
1131 901 1306 1008 ejusdem

156 1014 259 1119 regis
281 1037 348 1118 52·
381 1031 465 1090 tam
489 1010 654 1103 nobiles,
673 1007 797 1117 quim
819 1009 994 1118 plebeios
1019 1010 1134 1092 fuisse
1157 1042 1306 1096 convo·

154 1142 276 1216 catos,
290 1122 520 1230 Marlbrigii
532 1121 736 1214 statutum,
749 1121 846 1201 ficut
856 1140 897 1202 et
907 1124 1058 1231 reliqua
1068 1122 1154 1204 sere
1166 1125 1305 1207 statuta

155 1237 290 1314 omnia
308 1233 459 1315 disertis
471 1233 599 1313 verbis
615 1232 827 1312 testantur:
856 1261 957 1341 quos
971 1237 1094 1315 etiam
1111 1237 1303 1346 plebeios,

154 1348 417 1427 comitatuum
442 1363 645 1453 magnates
675 1344 906 1425 Edouardus
933 1347 1070 1427 tertius
1095 1348 1138 1427 in
1165 1348 1302 1458 praesa-

153 1458 260 1538 tione
282 1459 425 1537 Statuti
448 1456 587 1566 Stapli,
607 1483 730 1564 quam
753 1456 938 1564 perdocte
961 1485 1034 1567 pro
1055 1486 1123 1540 me
1148 1461 1300 1556 recitas,

154 1569 332 1662 vocavit;
362 1596 428 1648 eos
447 1570 639 1647 nimirum
657 1567 726 1677 qui
744 1565 787 1647 de
801 1569 968 1675 stngulir
989 1569 1217 1654 crbitatibur
1230 1590 1300 1682 pro

151 1696 227 1760 toto
250 1679 427 1760 comitatu
444 1697 629 1759 uenerant
640 1708 655 1771 ,·
685 1680 943 1788 quiquidem
967 1681 1173 1789 plebeium
1195 1685 1299 1766 ordi·

152 1818 247 1871 nem
265 1790 565 1885 constituebant,
578 1818 707 1897 neque
719 1810 829 1871 erant
843 1819 1037 1899 proceres,
1053 1814 1122 1875 aut
1135 1795 1215 1876 effe
1227 1823 1299 1906 po·

153 1921 303 1984 terant:
333 1903 475 1984 Tradit
492 1905 612 1983 etiam
631 1902 733 1981 liber
749 1901 900 1981 statutis
918 1903 997 1984 illis
1015 1905 1220 2002 vetustior,
1231 1907 1297 2016 qui

151 2013 388 2110 inscribitur,
420 2013 558 2097 Modus
586 2012 747 2094 habendi
773 2015 1036 2110 Parlatnenta,
1066 2017 1187 2098 licere
1216 2018 1296 2127 regi

151 2154 246 2208 cum
265 2128 381 2238 plebe
400 2125 478 2206 sola
491 2125 786 2207 Parlamentum
805 2123 965 2221 habere,
978 2126 1162 2236 legesque
1181 2128 1293 2223 ferre,

151 2240 332 2345 quamvis
345 2240 524 2318 Comites
543 2256 583 2317 et
595 2238 783 2348 Episcopi
795 2264 874 2316 non
887 2238 1033 2335 adfint;
1064 2267 1144 2319 non
1158 2241 1295 2323 itidem

149 2349 267 2430 licere
291 2350 376 2457 regi
396 2377 492 2429 cum
516 2349 729 2430 comitibus
751 2367 793 2429 et
813 2348 1018 2460 episcopis,
1039 2351 1067 2431 fi
1085 2350 1200 2461 plebs
1218 2380 1293 2433 non

150 2460 287 2540 aderit.
345 2460 480 2565 Hujus
496 2461 553 2541 rei
569 2461 667 2540 ratio
683 2489 842 2570 quoque
858 2461 1063 2567 adjicitur3
1093 2464 1189 2572 quia
1203 2491 1293 2545 cum

150 2572 329 2651 nondum
343 2572 522 2651 Comites
538 2590 607 2652 aut
621 2572 793 2682 episcopi
805 2573 1006 2654 constituti
1016 2573 1152 2669 essent,
1166 2577 1293 2684 Reges

148 2711 243 2763 cum
262 2682 411 2793 populo
432 2702 563 2764 tamen
584 2685 845 2778 Parlamenta,
866 2703 907 2765 et
926 2685 1108 2766 Concilia
1131 2714 1298 2795 perage--

147 2794 242 2875 bant
258 2825 267 2874 :
299 2795 440 2876 deinde
451 2797 617 2876 comites
629 2824 701 2905 pro
716 2794 753 2876 se
768 2814 921 2877 tantum
931 2797 1117 2892 veniunt3
1148 2798 1292 2907 plebeii

147 2934 220 3014 pro
244 2905 312 2986 suo
332 2907 496 3016 quisque
519 2908 754 3016 municipio.
813 2910 878 2987 Ex
896 2936 977 3016 quo
996 2907 1067 2988 iste
1086 2909 1186 2990 ordo
1205 2910 1292 2990 uni·

145 3018 241 3097 versr
256 3019 395 3128 populi
408 3019 567 3099 nomine
580 3018 704 3099 adesse
724 3019 974 3127 intelligitur;
996 3023 1293 3129 eoquenomine

145 3149 186 3210 et
204 3131 415 3238 potiorem,
436 3148 476 3210 et
495 3130 731 3210 nobiliorem
748 3129 884 3212 ordine
903 3132 1084 3241 patricio,
1103 3135 1292 3243 omnique

146 3268 197 3321 ex
213 3261 322 3350 parte
342 3241 661 3352 anteponendum
675 3242 763 3322 effe.
824 3242 899 3322 Sed
907 3241 1109 3347 judicandi
1117 3245 1289 3354 potestas,

145 3353 290 3462 inquis,
310 3372 422 3463 penes
441 3351 579 3433 domum
592 3351 770 3462 plebeiam
789 3382 975 3464 nunquam
979 3354 1083 3462 fuit.
1145 3356 1290 3465 Neque

145 3492 265 3573 penes
284 3492 421 3573 regem
435 3465 591 3571 Angliae
610 3463 688 3545 fuit
704 3493 904 3573 unquam:
937 3466 1036 3545 illud
1057 3485 1190 3547 tamen
1207 3495 1291 3548 me-

145 3575 321 3667 mineris,
336 3576 534 3684 principio
554 3604 716 3656 omnem
730 3577 963 3685 potestatem
982 3573 1004 3656 d
1019 3578 1171 3688 populo
1187 3579 1290 3660 flux-

144 3684 226 3780 isse,
240 3703 281 3765 et
293 3687 511 3767 etiamnum
523 3688 729 3797 proficisci.
770 3689 891 3796 Qod
904 3708 943 3769 et
957 3689 1120 3769 Marcus
1132 3691 1290 3771 Tullius

144 3798 193 3876 de
209 3797 295 3903 lege
315 3799 464 3904 agraria
478 3797 744 3910 pulcherrime
756 3799 937 3879 ostendit.
979 3802 1074 3881 Cum
1092 3830 1212 3883 omnes
1222 3821 1290 3913 po·

142 3909 302 4017 tessares,
329 3909 497 4017 tinperia,
526 3911 735 3992 curationes
759 3909 807 3991 ab
831 3907 1000 4016 uneberstr
1019 3913 1154 4021 populo
1172 3913 1291 4024 profi·

142 4018 231 4126 cffci
252 4021 437 4116 convenit,
463 4040 543 4102 tum
568 4051 630 4101 eas
652 4020 820 4131 profebll
846 4024 1017 4117 maxim),
1047 4053 1133 4133 qua
1164 4025 1290 4134 coryli·

140 4151 306 4214 tuuntur
323 4132 377 4213 ad
388 4134 522 4243 populi
526 4134 706 4242 frublum
724 4134 895 4242 aliquem,
921 4153 960 4215 et
977 4133 1223 4230 commodum
1249 4137 1289 4217 in

140 4275 210 4356 quo
228 4264 266 4325 et
285 4245 451 4350 uneberst
465 4245 630 4350 deligant
648 4274 751 4353 quem
768 4245 902 4355 populo
923 4245 1081 4326 maxim>
1104 4247 1288 4354 corfidtrr-

141 4387 226 4440 rum
237 4373 389 4467 putent,
409 4375 447 4437 et
466 4355 833 4467 unusquffquestudio
851 4375 889 4440 et
893 4356 1087 4469 suffragio
1092 4357 1166 4467 suo
1186 4360 1287 4445 viam
