2888 5204
373 597 764 732 Supplementum
791 596 1062 733 Responsio
1206 641 1289 726 427

140 793 263 884 atque
284 802 422 855 nervos
441 774 560 884 paulo
587 775 786 855 disertiore
814 772 977 856 homine
1009 778 1147 885 dignos
1166 781 1292 886 magis

141 889 332 996 requiras.
374 889 515 966 Unum
534 887 589 966 est
609 890 745 996 inquo
765 890 934 995 graviter
954 889 1166 970 titubatum
1186 887 1208 968 ὲ
1227 920 1293 974 me

143 999 220 1079 else
249 999 397 1080 fateor:
431 1001 659 1079 Graecarum
684 1001 886 1079 literarum
916 1001 1169 1110 professorem
1193 1003 1292 1099 dixi,

142 1137 266 1219 quem
282 1111 474 1192 sacrarum
488 1112 753 1192 Historiarum
769 1112 905 1191 dixirse
921 1113 1040 1193 debui
1056 1146 1065 1193 ε
1091 1116 1293 1197 enimvero

143 1224 374 1304 incredibile
395 1223 496 1304 mihi
524 1225 691 1334 prorsus,
712 1244 752 1303 et
780 1245 961 1333 portento
988 1227 1112 1306 fimile
1133 1228 1293 1309 videba-

143 1355 224 1430 tur,
242 1337 507 1416 Historiarum
524 1337 716 1415 sacrarum
736 1364 828 1415 eum
849 1337 922 1415 elle
937 1338 1209 1434 Profellorem,
1223 1344 1293 1450 qui

143 1466 203 1527 tot
215 1449 467 1558 profanarum
480 1470 758 1555 argumentum
771 1447 850 1558 ipse
863 1469 980 1557 atque
993 1452 1173 1530 materies
1186 1453 1290 1533 effet.

143 1562 213 1639 Tu
234 1560 326 1641 verd
355 1560 457 1641 mihi
485 1556 641 1654 reelilrs,
667 1562 800 1654 More,
823 1588 901 1639 non
929 1562 1208 1658 Historiarum,
1230 1565 1293 1646 sed

146 1672 450 1753 Calumniarum
464 1671 1140 1782 Profeffordeincepsnominaberis.
1172 1679 1293 1785 Qud

143 1812 195 1866 ne
215 1782 346 1894 quisi
371 1814 435 1864 me
461 1786 566 1864 secus
593 1803 710 1893 atque
738 1813 795 1864 res
824 1784 904 1895 ipsa
932 1784 967 1863 se
996 1785 1115 1865 habet
1141 1788 1293 1870 diuum

144 1897 368 1991 arbitretur,
394 1925 482 1976 mea
512 1898 592 2006 ipsa
613 1897 731 1975 verba
758 1896 825 1977 abs
853 1916 890 1976 te
918 1898 1066 2007 prolata
1094 1900 1134 1976 in
1161 1902 1293 1981 medio

144 2036 317 2119 ponam;
340 2029 449 2089 tuam
462 2009 603 2088 deinde
620 2008 764 2087 horum
782 2010 1159 2120 interpretationem,
1172 2041 1294 2120 quam

143 2121 236 2201 dico
255 2123 329 2201 else
351 2122 631 2202 Calumniam:
654 2118 833 2229 utquam
852 2122 1103 2231 impudenter
1118 2144 1157 2202 et
1177 2127 1294 2205 mali-

144 2233 244 2315 riost
264 2262 368 2342 agas,
388 2233 495 2342 quod
516 2252 555 2312 et
575 2231 685 2343 supra
710 2235 828 2341 idque
857 2231 990 2343 saepius
1017 2235 1291 2332 demonstravi,

143 2364 186 2425 et
205 2344 300 2426 hine
319 2348 479 2456 qualem
501 2364 538 2424 te
558 2346 667 2425 sacrae
694 2347 815 2424 etiam
843 2344 961 2424 literae
988 2367 1174 2427 tortorem
1203 2378 1294 2458 pro-

142 2457 334 2539 culdubio
355 2457 533 2551 sentiant,
548 2460 741 2567 praeterire
763 2459 963 2536 neminem
984 2459 1111 2566 poffit.
1158 2461 1294 2542 Restat

136 2569 226 2676 jam
257 2570 328 2650 tibi
361 2570 440 2650 sola
469 2572 696 2650 Graecarum
722 2571 923 2649 literarum
955 2568 1162 2679 profeffio:
1198 2602 1294 2682 ergo

144 2680 225 2763 hoc
244 2710 320 2791 ego
340 2683 491 2763 crimini
507 2682 579 2762 tibi
599 2684 665 2776 do,
686 2680 793 2791 qudd
814 2683 968 2761 Graecas
992 2682 1120 2761 literas
1141 2711 1181 2762 es
1201 2714 1294 2792 pro-

143 2792 289 2875 fellus:
320 2824 415 2903 ergo
435 2824 510 2904 ego
533 2797 688 2874 Greecas
707 2795 850 2886 literas,
871 2799 1067 2904 earzlmque
1079 2796 1296 2905 proseſjires

142 2935 231 3012 cogo
259 2908 297 2987 in
325 2907 497 2988 ordinem.
557 2909 666 3014 Ergo
695 2934 770 3014 ego
803 2908 960 2987 Graecas
987 2908 1119 2987 literas
1145 2908 1198 2989 ad
1222 2910 1296 2990 ima

128 3017 312 3125 substllr'a
330 3020 461 3127 relego.
524 3021 627 3129 Qis
642 3017 786 3097 horum
803 3022 1018 3127 quicquam
1035 3018 1142 3128 sequi
1159 3043 1296 3130 praeter

145 3149 185 3210 te
206 3132 377 3212 dixerit?
407 3131 488 3242 ipsa
509 3132 658 3211 malitia
678 3132 706 3211 li
723 3159 883 3239 operam
904 3132 976 3211 tibi
998 3134 1104 3211 suam
1126 3133 1294 3226 locaffet,

146 3242 225 3323 tale
243 3245 452 3354 quippiam
471 3271 522 3323 ex
544 3245 642 3322 meis
662 3242 789 3322 verbis
816 3243 937 3322 ullam
967 3246 1007 3322 in
1034 3264 1185 3353 partem
1213 3266 1295 3325 tor-

146 3357 305 3464 quendo
325 3357 547 3465 exprimere
568 3356 637 3464 qul
657 3356 815 3434 tandem
836 3354 1044 3463 potuisset?
1066 3374 1109 3434 tu
1124 3354 1201 3434 hoc
1218 3386 1295 3437 non

145 3467 276 3547 solum
296 3496 368 3577 pro
387 3469 583 3547 veriffimo
605 3467 676 3546 tibi
697 3468 830 3559 sumis,
850 3463 989 3545 verlrm
1013 3468 1133 3546 etiam
1154 3459 1295 3548 utnon

145 3578 328 3659 nasutum
359 3582 491 3660 minus
521 3579 783 3684 conjeetorem
815 3597 867 3672 te,
896 3575 1016 3689 quim
1047 3607 1191 3658 navum
1221 3581 1295 3660 else

148 3690 491 3772 Calumniatorem
530 3692 810 3797 intelligamus,
846 3721 916 3771 cur
949 3693 1118 3785 Graecas,
1150 3693 1295 3801 inquis,

146 3802 295 3896 literas,
315 3834 510 3914 earumque
529 3804 745 3913 profestores
763 3832 871 3909 cogas
893 3804 931 3882 in
957 3802 1130 3895 ordinem,
1152 3804 1193 3883 ni
1242 3835 1297 3886 me

132 3916 254 4026 fallit
278 3918 435 4011 animus,
459 3916 718 4024 offecisucum
735 3948 748 3992 .·
781 3917 823 3994 N
827 3913 944 4023 empe
971 3914 1175 3996 Salmasrus
1202 3915 1297 3997 cirm

147 4028 241 4109 effet
261 4031 406 4109 Graecae
425 4028 569 4137 linguae
587 4028 894 4121 callentillimus,
916 4045 955 4105 et
982 4026 1096 4132 hujus
1123 4055 1199 4135 ego
1225 4058 1297 4109 au-

146 4137 384 4220 thoritatem·
410 4143 560 4220 elevare
591 4138 812 4232 statuiffem,
843 4139 883 4218 id
913 4157 957 4217 ut
986 4167 1147 4248 quoquo
1177 4143 1297 4224 modo

148 4251 313 4363 pollem,
335 4255 489 4335 Graecas
517 4254 659 4346 literas,
680 4251 771 4357 ejus,
794 4251 819 4329 fi
840 4251 914 4330 diis
934 4252 1077 4360 placet,
1099 4281 1230 4358 regna,
1250 4255 1304 4335 ad

147 4365 223 4444 ima
246 4365 423 4470 subsellia
460 4365 637 4471 relegavi.
698 4365 802 4475 Qis
840 4364 1071 4443 calumniari
1105 4363 1296 4461 solertius,

146 4474 270 4585 quam
289 4474 473 4557 hariolari
494 4497 531 4556 te
552 4503 656 4555 nunc
675 4476 806 4554 dicat?
854 4477 982 4583 Atqui
1002 4503 1079 4554 non
1100 4504 1211 4554 meus
1231 4479 1298 4558 ille

148 4588 279 4683 fucus,
291 4590 351 4668 vir
367 4588 618 4697 sagaciffime,
636 4586 700 4666 sed
718 4607 807 4666 tuus
823 4615 962 4667 mucus
979 4614 1099 4695 quem
1116 4586 1298 4685 olfecisti,

148 4702 426 4781 tantummodo
459 4718 552 4780 erat.
613 4697 724 4779 Mihi
759 4700 867 4778 enim
900 4726 993 4778 cum
1030 4698 1214 4779 Salmasro
1249 4703 1298 4783 de

148 4813 297 4893 Graecis
325 4840 404 4893 non
432 4815 558 4920 magis
584 4811 705 4891 literis
731 4808 852 4918 quam
875 4811 1059 4891 Calendis
1088 4813 1299 4895 contestata
