2888 5204
327 545 509 638 Contra
530 539 858 637 Alexandrum
883 545 1093 636 Morum.
1194 578 1276 661 403

124 716 219 824 gati,
236 717 383 826 partim
400 719 566 813 inducti,
579 720 724 827 partim
738 719 852 797 veriti
869 714 1013 828 nequid
1034 717 1143 797 istius
1161 718 1277 824 igno-

124 830 257 909 miniae
274 830 316 909 in
335 829 543 938 publicum
563 831 811 923 redundaret,
826 832 970 937 partim
988 830 1139 908 delislis
1159 830 1276 936 igno·

124 938 241 1034 scere,
261 940 417 1021 literato
439 969 613 1051 parcere,
636 942 825 1021 laboranti
844 942 1043 1022 consulere
1064 940 1138 1021 suae
1156 941 1273 1020 boni-

124 1052 213 1132 tatis
231 1050 307 1131 effe
326 1052 515 1133 arbitrati.
576 1055 636 1132 Ita
663 1054 821 1132 tandem
841 1055 966 1132 vietor
987 1052 1056 1131 iste
1084 1052 1272 1133 laureatas

124 1162 254 1243 literas
284 1163 436 1257 ausert;
466 1166 522 1244 ita
555 1165 800 1244 emendicata
828 1166 967 1272 quovis
1002 1183 1180 1272 tempore
1209 1164 1272 1243 vel

124 1275 338 1369 occasione,
359 1303 439 1356 non
458 1276 544 1382 jam
566 1278 786 1356 testimonia
806 1276 854 1355 de
880 1276 918 1354 se
944 1275 1116 1384 publica,
1135 1303 1223 1382 quae
1247 1275 1275 1355 fi

124 1384 282 1467 fuissent
310 1387 389 1495 ipse
417 1388 602 1483 abolevit,
631 1388 695 1468 sed
726 1387 864 1467 suade
892 1386 1052 1496 publico
1079 1405 1274 1495 reportata

124 1496 245 1607 spolia
264 1499 312 1579 ad
331 1527 520 1580 coronam
539 1501 739 1594 venditat3
771 1526 843 1577 nec
863 1518 943 1577 tam
965 1497 1096 1577 laudes
1116 1496 1272 1578 videtur

124 1610 221 1704 suas,
260 1608 382 1719 quam
428 1614 702 1720 poenitentiam
750 1609 952 1718 publicam
998 1607 1269 1689 circumferre.

124 1726 264 1912 Ἕω
277 1724 385 1801 enim
401 1749 478 1802 non
491 1725 679 1831 poeniteat
690 1750 910 1832 praeconem
923 1720 998 1800 sese
1013 1720 1176 1800 laudum
1192 1720 1275 1827 ejus

124 1830 179 1912 su‘
212 1862 250 1927 e,
264 1835 337 1941 qui
356 1835 404 1914 ad
423 1863 561 1915 omnes
581 1835 713 1945 postea
732 1834 914 1913 libidines
934 1852 1018 1912 tam
1039 1850 1197 1942 turpem
1216 1832 1273 1911 sui

124 1946 348 2025 austionem
381 1944 542 2026 fecerit:
586 1974 690 2027 nunc
721 1946 894 2052 ejusdem
928 1945 1002 2025 sese
1033 1970 1274 2052 mangonem

124 2054 224 2150 fieri,
244 2059 314 2164 qui
342 2057 469 2137 servus
493 2061 676 2138 omnium
705 2059 959 2166 nequissimus
986 2057 1211 2136 ministrum
1235 2056 1272 2136 se

124 2167 290 2248 licitanti
308 2170 433 2249 cuivis
445 2171 626 2250 Ecclcfiae
644 2198 694 2249 ex
712 2168 785 2249 hac
805 2171 966 2248 laudum
982 2168 1123 2248 catasta
1136 2166 1274 2247 vendi-

124 2280 324 2375 biliorem,
346 2301 388 2360 et
412 2280 605 2362 sacrarum
630 2283 832 2361 literarum
856 2278 1005 2358 miseris
1025 2278 1272 2387 emptoribus

124 2392 303 2471 venalem
330 2392 367 2471 se
395 2396 510 2500 pretii
537 2395 732 2500 quantivis
767 2390 1019 2501 professorem
1051 2388 1270 2499 profitetur.

124 2503 235 2582 Nam
254 2504 423 2583 viderint
450 2533 519 2613 per
540 2507 676 2584 Deum
700 2503 982 2595 immortalem,
1003 2502 1074 2609 qui
1092 2528 1143 2580 ex
1164 2500 1272 2581 istius

124 2614 185 2694 vel
219 2615 562 2695 commendatione
593 2617 655 2695 vel
685 2617 920 2725 impunitate
955 2611 1197 2721 ignoscentes
1231 2631 1272 2691 et

124 2725 248 2806 bonos
267 2724 402 2808 haberi
423 2726 459 2805 se
480 2727 687 2837 postulant,
710 2755 758 2806 ne
784 2726 853 2806 ista
880 2726 1033 2804 bonitas
1056 2727 1096 2804 in
1119 2724 1271 2803 malum

124 2836 292 2933 definat3
324 2840 493 2918 viderint
512 2867 560 2918 ne
581 2840 670 2949 ipfis
690 2839 802 2918 bonis
822 2837 948 2917 fraudi
970 2837 1028 2916 srt.
1073 2833 1182 2916 Cum
1202 2862 1274 2915 ne·

124 2948 221 3029 cesse
242 2949 300 3044 srt,
319 2949 444 3058 serpat
463 2947 593 3043 latibs,
611 2951 737 3059 serpat
755 2945 875 3058 ocyus
894 2949 964 3031 ista
982 2950 1166 3056 contagio
1186 2947 1272 3057 pas·

124 3060 216 3140 toris
236 3062 277 3139 in
296 3088 475 3169 gregem,
490 3063 674 3142 Dostoris
695 3064 734 3141 in
756 3059 953 3156 scholam3
975 3081 1092 3168 atque
1110 3062 1150 3140 in
1169 3060 1271 3169 ipsos

124 3169 277 3251 sortasse
296 3175 493 3253 bonorum
511 3173 675 3254 istorum
703 3173 859 3265 liberos,
878 3174 948 3282 qui
975 3171 1152 3280 sophista
1176 3169 1272 3250 huic

124 3282 340 3364 errabundo
354 3304 395 3365 et
413 3284 553 3365 infami
570 3285 873 3394 indisciplinam
889 3283 1105 3365 traduntur.
1145 3282 1270 3361 Vide-

124 3394 202 3474 rint
220 3422 269 3474 ne
293 3414 351 3475 tot
374 3397 588 3505 pigmentis
616 3397 715 3476 illita
740 3415 858 3505 atque
884 3412 1019 3474 ornata
1046 3391 1267 3502 turpitudo,

124 3525 229 3586 tanta
247 3507 440 3588 bonarum
467 3509 630 3589 laudum
651 3508 803 3613 jasiura
830 3527 946 3615 atque
973 3504 1175 3614 dispendio
1200 3503 1270 3583 de-

124 3618 249 3698 albata
277 3618 396 3712 labes,
425 3619 534 3730 spem
563 3618 680 3699 faciat
707 3639 747 3699 et
771 3619 872 3712 aliis,
899 3614 1066 3725 erlmque
1092 3632 1269 3694 mentem

124 3729 283 3836 injiciat,
302 3731 405 3839 posse
425 3731 461 3811 se
480 3758 639 3840 quoque
655 3732 845 3810 tutiffimo
860 3727 936 3809 hoc
955 3726 1157 3835 exemplo,
1173 3753 1268 3806 ean-

124 3840 216 3920 dem
235 3840 390 3936 scholis,
410 3846 576 3923 eandem
592 3842 774 3922 Ecclefiis
792 3839 936 3920 inferre
957 3839 1176 3950 personam,
1192 3838 1271 3918 fine

123 3952 191 4032 suo
211 3953 387 4062 periculo
406 3983 499 4035 cum
519 3953 671 4032 summa
690 3957 809 4033 etiam
829 3951 1171 4032 commendatione
1191 3950 1270 4029 im·

122 4064 403 4173 probiffimam.
438 4067 644 4172 Cogitent,
656 4068 727 4172 qui
745 4064 862 4144 celari
882 4062 1113 4144 adversarios
1125 4061 1270 4143 nostras

124 4176 295 4256 maculas
326 4196 465 4285 putant
495 4195 689 4286 oportere,
714 4203 791 4255 non
818 4175 981 4256 celando
1011 4173 1074 4253 sed
1101 4173 1270 4253 eluendo

124 4287 295 4368 maculas
306 4291 483 4397 purgari:
504 4289 667 4368 celando
680 4315 863 4397 apparere
872 4287 999 4367 multo
1011 4282 1268 4379 manifestilrs,

124 4416 163 4479 et
176 4398 367 4504 majorem
387 4401 510 4480 indies
530 4399 749 4480 foeditatem
767 4397 1012 4479 contrahere.
1064 4393 1269 4478 Postremb

124 4510 304 4606 viderint,
325 4540 374 4591 ne
394 4511 638 4594 Ecclefiastas
665 4510 889 4617 hujusmodi
915 4535 1096 4590 amovere
1119 4508 1167 4586 ab
1188 4508 1268 4586 Ec·

124 4622 236 4702 clesia
265 4624 417 4703 tamdiu
449 4625 665 4731 negligant,
705 4624 829 4703 donec
859 4622 939 4732 ipsa
965 4619 1137 4701 Ecclesia
1173 4644 1269 4697 cum

124 4733 362 4815 Ecclesiastis
396 4732 474 4815 und
508 4753 748 4815 amoveatur.
816 4731 915 4815 Sans
953 4727 1048 4811 cum
1086 4726 1268 4839 Apostoli
