2888 5204
160 587 238 694 362
328 671 329 674 w
403 568 628 668 Authoris
653 607 739 705 pro
763 568 806 669 se
832 567 1062 670 Defensio

155 746 345 828 acerrime
364 744 560 826 defendat.
620 749 710 853 Ego
725 746 878 827 causam
892 748 1080 856 Regiam,
1097 748 1171 857 qui
1184 744 1291 827 vehe-

155 856 390 939 mentiffime
410 855 642 952 defenderit,
656 859 683 936 fi
698 877 765 937 aut
776 878 1009 968 corruptum
1023 858 1101 939 effe
1121 877 1190 938 aut
1207 857 1292 937 faci-

155 970 338 1050 norosum
358 997 496 1077 arguo,
512 967 618 1049 haud
632 971 709 1049 levi
729 989 963 1078 argumento
977 969 1223 1080 impugnilse
1236 996 1293 1050 me

154 1082 308 1162 causam
323 1081 495 1188 Regiam
514 1080 602 1161 satis
617 1081 822 1189 intelligo:
845 1084 886 1161 Si
902 1082 1154 1177 mendacem,
1176 1083 1203 1162 fi
1220 1101 1294 1161 tur-

153 1221 262 1303 pem,
290 1193 317 1272 fi
346 1192 541 1301 perfidum
571 1220 640 1301 per
670 1221 832 1273 omnem
858 1196 981 1273 vitam
1004 1195 1295 1274 criminatorem

154 1306 329 1385 nostrum
349 1304 422 1383 effe
442 1304 615 1398 ostendo,
640 1304 811 1384 eundern
830 1333 988 1413 quoque
1007 1307 1052 1385 in
1071 1332 1146 1386 nos
1164 1304 1237 1384 effe
1253 1303 1295 1384 ed

153 1414 307 1497 facilius
324 1415 445 1495 fidem
458 1413 572 1496 facio.
631 1417 699 1494 Tu
719 1417 879 1496 interim
897 1414 992 1497 cum
1012 1417 1094 1496 duo
1116 1418 1192 1496 tibi
1210 1444 1295 1526 pro·

154 1528 347 1638 posueris;
373 1528 546 1620 alterum,
569 1545 613 1607 ut
627 1527 845 1608 ostenderes
864 1559 929 1609 nec
946 1528 1011 1637 effl’
1029 1547 1069 1608 te
1085 1528 1182 1610 libri
1196 1546 1296 1607 auto-

153 1670 229 1720 rem
249 1641 363 1732 illius,
384 1667 448 1718 nec
463 1637 505 1718 id
504 1637 622 1747 surffe
639 1639 733 1718 mihi
740 1640 978 1748 persttastum5
999 1640 1188 1733 alterum,
1194 1639 1296 1748 suffla

153 1752 218 1862 effe
231 1781 314 1862 quae
328 1752 366 1830 in
380 1768 418 1831 te
437 1748 698 1856 conjeiiastmt
705 1752 862 1860 probra,
875 1750 976 1831 nihil
990 1749 1143 1832 horum
1162 1753 1293 1843 efficis;

153 1865 218 1943 sed
237 1863 440 1944 diffolutus
455 1890 500 1940 ac
515 1861 652 1955 fluens,
669 1860 789 1942 modb
800 1861 895 1957 huc,
912 1858 1033 1942 modb
1045 1862 1145 1943 illuc
1158 1890 1294 1972 vagan-

152 1977 217 2066 do,
236 1994 322 2054 tum
341 1975 478 2052 eadem
499 1974 746 2068 inculcando,
762 1975 919 2082 ignarus
934 1971 1055 2083 quim
1075 1976 1118 2054 in
1137 1976 1295 2085 propin·

131 2114 233 2193 ·quo
253 2085 325 2165 tibi
348 2083 471 2164 effuse
497 2112 601 2164 nunc
630 2084 832 2194 pabulanti
861 2089 981 2166 latens
1000 2082 1022 2164 i
1041 2105 1158 2194 tergo
1186 2106 1295 2194 atque

155 2200 321 2277 intadtus
340 2194 461 2275 hostis
480 2196 609 2289 instet,
635 2198 732 2276 dum
757 2199 902 2278 nescire
923 2226 988 2277 me
1006 2216 1123 2306 putas
1142 2199 1240 2306 quid
1257 2197 1297 2276 fit

152 2309 276 2389 libelli
296 2306 503 2388 authorem
523 2307 610 2401 effe,
636 2328 704 2388 aut
725 2309 822 2415 quid
847 2328 891 2390 tu
915 2307 1068 2403 feceris,
1092 2311 1137 2388 in
1164 2311 1294 2390 eadem

152 2422 295 2530 perstas
324 2421 387 2498 vel
416 2419 600 2499 futilitate
629 2420 693 2498 vel
720 2419 887 2502 fallacia.
944 2419 1049 2528 Quid
1072 2418 1294 2502 commerui?

151 2532 242 2642 quid
249 2531 411 2643 peccavi
420 2528 441 2609 ἒ
470 2530 612 2640 quando
628 2532 811 2640 Populum
828 2550 934 2613 tuum
952 2532 1030 2637 laest
1039 2531 1061 2611 ἒ
1091 2533 1294 2612 Cavillaris

151 2647 296 2737 etiam;
328 2642 469 2752 quando
492 2641 600 2722 boves
622 2660 703 2722 tuas
725 2660 795 2723 aut
817 2673 922 2754 equas
944 2642 1083 2750 abegi?
1135 2646 1232 2724 Non
1254 2663 1291 2723 tu

151 2758 268 2835 boves
288 2783 397 2835 meos
417 2754 594 2861 abegisti,
617 2755 744 2834 Cacus
765 2757 893 2863 pastor
911 2773 956 2834 ut
970 2755 1040 2851 fis;
1070 2754 1135 2835 sed
1157 2758 1292 2836 alienas

152 2896 242 2947 oves
267 2866 476 2959 abduxisti,
505 2886 614 2945 tuam
641 2865 839 2946 deseruisti
864 2865 998 2974 Phryx
1023 2894 1150 2948 novus
1174 2868 1291 2948 Alex·

152 2979 285 3071 ander,
305 2977 367 3056 vel
382 2979 502 3057 etiam
520 2975 748 3085 Cataphryx
770 2979 924 3059 Morus.
984 2980 1040 3057 At
1044 2978 1243 3084 sciscitari
1252 3007 1291 3058 ex

150 3090 278 3169 amicis
293 3089 409 3168 credo
424 3109 618 3197 poteram,
631 3115 729 3195 quos
745 3087 859 3168 isthic
873 3089 978 3199 apud
993 3117 1063 3170 nos
1077 3089 1215 3186 habes,
1228 3117 1290 3170 nec

144 3219 282 3310 paucos
301 3229 366 3280 nec
384 3201 557 3308 vulgaris
574 3198 705 3279 notae?
744 3202 865 3310 Qasr
884 3199 976 3281 verd
997 3228 1087 3308 eg0,
1107 3205 1181 3310 qui
1199 3201 1289 3283 divi-

149 3344 232 3408 nus,
253 3332 298 3392 ut
317 3313 386 3405 aie,
407 3343 476 3393 nan
490 3311 593 3417 stum,
615 3330 702 3390 tuos
721 3314 868 3392 amicos
886 3314 1050 3421 quinam
1068 3313 1206 3410 essent,
1226 3314 1289 3395 sci·

151 3455 251 3519 rem,
287 3426 356 3533 qui
388 3444 476 3504 ante
505 3421 612 3503 hunc
641 3424 871 3503 Clamorem
904 3424 1127 3506 belluinum
1159 3427 1226 3506 abs
1257 3444 1289 3504 te
1332 3418 1334 3433 '

149 3539 316 3629 editum,
333 3564 381 3615 ne
394 3535 551 3643 vagiille
568 3534 731 3642 quidem
744 3533 872 3615 adhuc
885 3554 922 3616 te
936 3556 1003 3617 aut
1017 3536 1211 3617 infantem
1227 3565 1288 3616 na-

149 3668 234 3730 turn
252 3648 434 3727 sciebam.¹
493 3647 579 3725 Aut
599 3665 641 3725 tu
662 3645 776 3754 plane
797 3646 919 3742 sensu,
933 3648 995 3727 vel
1016 3648 1156 3728 saltem
1171 3647 1288 3756 logici

148 3761 353 3841 destitutus
369 3788 424 3853 es,
441 3777 508 3837 aut
527 3757 608 3862 ejus
629 3760 850 3836 rudimenta
870 3786 947 3838 non
969 3760 1019 3838 fic
1038 3760 1287 3850 dedidiciffes,
1332 3792 1334 3799 ·

148 3873 352 3952 relationes
369 3873 410 3949 in
425 3870 575 3949 sensum
592 3896 671 3947 non
685 3869 896 3948 incurrere.
954 3871 1092 3978 Itaque
1106 3892 1149 3951 et
1163 3872 1288 3952 inimi·

148 4013 213 4062 cos
234 3984 307 4062 effe
329 3984 402 4062 tibi
420 4001 502 4061 tam
522 3981 682 4072 multos,
704 3977 845 4089 edsque
866 3981 933 4061 tui
952 4009 1031 4060 non
1051 3984 1215 4091 pietate,
1235 3981 1288 4062 sed

148 4096 390 4202 turpitudine
404 4094 579 4202 quaefitos
595 4091 764 4171 necdum
780 4093 1004 4189 audieram;
1028 4121 1161 4203 neque
1177 4117 1222 4177 ut
1236 4096 1253 4174 l
1271 4138 1288 4152 ·

144 4206 276 4286 dibriis
305 4224 386 4283 tam
415 4205 507 4284 effes
536 4220 773 4313 opportunus,
812 4231 939 4312 neque
969 4225 1013 4285 ut
1042 4224 1101 4300 tu,
1132 4206 1290 4288 Veneris

145 4345 280 4426 nepos,
302 4316 488 4422 Junonem
506 4316 556 4394 fic
571 4318 710 4393 iratam
732 4316 803 4394 tibi
823 4315 1010 4397 haberes:
1041 4345 1129 4425 quae
1146 4320 1222 4400 tibi
1238 4317 1290 4398 es-

106 4528 110 4537 ,
146 4430 227 4509 sent
251 4426 399 4508 infensa
422 4428 585 4507 numina
612 4425 720 4532 aequb
746 4427 989 4535 ignorabam,
1015 4448 1054 4507 et
1081 4432 1153 4536 qui
1180 4431 1293 4512 effent

146 4541 336 4621 Crantzio
349 4540 426 4621 Dii
435 4537 528 4619 boni.
560 4540 671 4617 Armi
680 4537 864 4643 duostmt,
881 4542 1027 4648 inquiS,
1044 4568 1090 4619 ex
1106 4571 1178 4651 quo
1194 4563 1293 4625 tuum

142 4657 208 4733 hoc
230 4653 363 4732 drama
392 4678 561 4731 exornas.
623 4655 865 4758 Quanquam
896 4649 974 4731 hoc
1008 4654 1295 4761 perridiculum

141 4767 212 4860 est,
232 4763 340 4873 quod
357 4762 522 4872 optaffes
548 4788 752 4869 nunquam
783 4763 951 4858 editum,
976 4764 1017 4842 id
1037 4763 1122 4846 serb
1142 4768 1297 4850 editum
