2888 5204
474 556 699 662 Defensio
724 560 952 661 Secunda.
1204 577 1285 688 287

135 740 269 851 prima
279 738 488 821 oculorum
502 740 695 849 pernicies
707 737 800 822 fuit:
819 767 992 849 quorum
1005 737 1055 818 ad
1068 739 1286 821 naturalem

134 852 385 934 debilitatem
403 851 685 934 accesserantet
702 851 830 932 crebri
847 852 986 962 capitis
1005 851 1181 948 dolores;
1201 880 1289 962 quae

134 966 276 1047 omnia
291 988 389 1045 cum
406 963 580 1046 discendi
598 965 797 1075 impetum
815 990 895 1044 non
913 964 1165 1058 retardarent,
1186 984 1229 1045 et
1247 969 1288 1044 in

135 1076 235 1157 ludo
247 1077 434 1170 literario,
447 1094 488 1156 et
506 1075 576 1156 sub
588 1077 674 1156 aliis
689 1076 799 1156 domi
819 1074 1012 1184 magistris
1027 1076 1288 1157 erudiendum

135 1189 317 1298 quotidie
336 1189 512 1269 curavitr
534 1189 588 1269 ita
602 1188 718 1268 variis
729 1187 961 1268 instructum
973 1187 1134 1295 linguis,
1146 1207 1186 1268 et
1197 1217 1288 1299 per·

135 1320 254 1409 cepta
273 1298 379 1380 haud
402 1300 540 1380 leviter
561 1297 819 1410 philosophiae
841 1299 1063 1395 dulcedine,
1087 1299 1136 1380 ad
1156 1301 1288 1408 Gym-

136 1412 290 1493 nafium
319 1413 448 1520 gentis
486 1412 668 1505 alterum,
694 1411 991 1518 Cantabrigiam
1029 1412 1157 1495 mitit:
1198 1414 1288 1494 Illic

135 1523 355 1634 disciplinis
378 1541 496 1633 atque
519 1522 665 1604 artibus
682 1524 783 1603 tradi
802 1522 921 1603 solitis
941 1521 1186 1632 septennium
1206 1525 1288 1606 stu-

135 1636 226 1730 dui,
252 1635 392 1746 procul
414 1636 527 1716 omni
550 1635 715 1744 flagitio,
741 1635 853 1715 bonis
875 1635 1060 1716 omnibus
1086 1635 1287 1746 probetne,

137 1747 695 1857 usquedumMagistri,quem
709 1764 865 1840 vocant,
874 1747 1056 1854 gradum,
1067 1775 1162 1828 curn
1173 1749 1289 1831 laude

136 1861 263 1942 etiarn
293 1859 472 1969 adeptus,
499 1886 580 1940 non
607 1861 648 1938 in
675 1858 848 1952 Italiam,
875 1859 983 1967 quod
1009 1860 1190 1969 impurus
1221 1862 1289 1944 ille

135 1971 469 2065 comminiscitur,
490 1970 667 2081 profugi,
692 1970 756 2051 sed
775 1971 910 2082 sponte
930 1998 1017 2051 mea
1035 1973 1203 2053 domum
1223 2002 1289 2056 me

136 2083 308 2178 contuli,
320 2085 480 2191 meique
494 2084 614 2164 etiam
629 2083 879 2176 defiderium,
895 2083 1000 2194 apud
1014 2084 1188 2193 Collegii
1203 2086 1290 2196 ple-

138 2196 280 2306 rosque
294 2195 416 2276 socios
431 2192 454 2274 i
467 2194 611 2303 quibus
626 2223 734 2276 eram
752 2192 858 2275 haud
879 2195 1130 2277 mediocriter
1145 2198 1289 2293 cultus,

137 2309 299 2417 reliqui.
359 2309 527 2388 Paterno
546 2335 650 2401 rure,
666 2335 748 2415 quo
766 2308 798 2387 is
818 2307 1068 2414 transigenda
1086 2307 1290 2391 senectutis

137 2419 255 2503 causa
266 2418 516 2513 concesserat,
527 2419 752 2500 evolvendis
766 2419 912 2499 Graecis
927 2418 1153 2528 Latinisque
1169 2419 1289 2531 scrip·

137 2531 293 2615 toribus
313 2530 514 2612 summum
538 2559 609 2641 per
626 2531 756 2612 otium
776 2549 879 2611 totus
898 2531 1055 2626 vacavi3
1085 2532 1139 2612 ita
1159 2550 1290 2613 tamen

138 2662 186 2726 ut
206 2670 507 2752 nonnunquam,
531 2671 595 2723 rus
615 2643 711 2723 urbe
730 2661 942 2736 mutarem,
966 2661 1034 2723 aut
1051 2645 1290 2726 cosmendo·

140 2784 234 2837 rum
253 2757 378 2864 gratia
402 2754 609 2849 librorum,
635 2773 704 2835 aut
728 2783 878 2836 novum
901 2755 1108 2865 quidpiam
1132 2757 1174 2836 in
1194 2758 1289 2837 Ma-

139 2865 382 2962 thematicis,
404 2868 467 2948 vel
497 2869 538 2946 in
565 2867 746 2961 Muticis,
777 2865 919 2975 quibus
947 2885 1034 2947 tum
1052 2867 1290 2963 oblestabar,

140 2979 378 3063 addiscendi.
437 2982 588 3060 Exacto
613 2979 655 3058 in
677 2976 785 3058 hunc
808 2978 975 3058 modum
1002 2981 1290 3089 quinquennio,

141 3093 230 3203 post
249 3092 384 3173 matris
402 3091 575 3185 obitum,
595 3092 774 3199 regiones
792 3109 959 3185 exteras,
980 3110 1020 3170 et
1041 3092 1197 3174 Italiam
1216 3123 1291 3205 po-

143 3204 336 3288 tiffimum
360 3203 520 3284 videndi
543 3202 724 3312 cupidus,
750 3221 911 3284 exorato
938 3221 1064 3314 patre,
1091 3233 1171 3287 uno
1196 3234 1292 3287 cum

143 3314 298 3398 famulo
321 3315 519 3426 profectus
548 3315 648 3394 sum.
707 3313 950 3407 Abeuntem,
977 3316 1037 3396 vir
1060 3316 1291 3398 clariffimus

143 3428 346 3513 Heuricus
361 3428 618 3520 Woottonus,
638 3427 709 3533 qui
727 3426 776 3505 ad
791 3428 964 3508 Venetos
985 3428 1131 3508 Orator
1148 3428 1291 3534 Jacobi

142 3541 248 3649 regis
265 3541 336 3621 diu
355 3538 495 3634 suerat,
520 3557 560 3619 et
579 3540 680 3619 votis
699 3556 739 3618 et
758 3540 974 3649 preceptis,
997 3541 1107 3619 eunti
1125 3568 1289 3649 peregre

143 3650 232 3735 sane
252 3651 478 3745 utiliffimis,
492 3650 662 3758 eleganti
680 3649 842 3761 epistola
856 3650 1092 3761 perscriptis,
1108 3679 1173 3732 me
1187 3654 1290 3733 ami-

141 3765 292 3847 ciffime
327 3763 584 3873 prosequutus
617 3762 686 3843 est.
747 3763 1085 3843 Commendatum
1119 3764 1167 3845 ab
1205 3765 1291 3847 aliis

140 3876 403 3959 nobiliffimus
422 3876 483 3956 vir
497 3873 677 3956 Thomas
694 3875 955 3956 Scudamorus
974 3876 1192 3958 vicecomes
1205 3877 1291 3957 Sle·

141 3988 337 4098 gonenfis,
361 3987 495 4068 Caroli
515 3988 617 4095 regis
638 3989 825 4093 Legatus,
845 3987 997 4068 Parifiis
1015 3985 1292 4069 humaniffime

142 4101 314 4210 accepit,
334 4128 479 4209 meque
495 4100 664 4207 Hugoni
684 4099 828 4179 Grotio
846 4099 931 4180 viro
950 4099 1223 4196 eruditiffimo,
1242 4102 1291 4181 ab

143 4212 304 4321 Regina
323 4215 540 4294 Succorum
571 4230 665 4291 tunc
698 4211 886 4322 temporis
915 4210 964 4290 ad
991 4211 1131 4294 Galliae
1155 4240 1292 4321 regem

143 4326 313 4433 Legato,
325 4352 448 4434 quem
462 4322 624 4404 invisere
639 4350 689 4402 cu
720 4321 863 4421 iebam,
879 4321 946 4403 suo
962 4324 1139 4418 nomine,
1151 4345 1192 4407 et
1206 4324 1293 4407 suo-

142 4465 237 4519 rum
253 4463 335 4518 uno
353 4454 472 4544 atque
490 4436 611 4517 altero
628 4352 860 4529 dediscente,
878 4436 1195 4519 commendavit:
1215 4437 1294 4517 dis-

141 4549 302 4632 cedenti
332 4548 419 4658 post
448 4548 531 4631 dies
562 4548 713 4656 aliquot
736 4547 893 4628 Italiam
919 4546 1062 4641 versus,
1090 4548 1218 4629 literas
1243 4550 1292 4629 ad

141 4679 382 4745 mercatores
399 4660 569 4769 Anglos,
589 4655 668 4767 qua
687 4658 761 4739 iter
774 4686 881 4739 eram
899 4657 1084 4752 fadturus,
1103 4659 1227 4753 dedit,
1248 4679 1294 4740 ut

139 4772 291 4888 quibua
319 4771 472 4885 pollent
500 4772 640 4857 officiis
670 4769 772 4853 mihi
803 4769 940 4882 praestb
966 4770 1097 4853 client.
1157 4772 1295 4855 Nicaeir
