2888 5204
499 102 737 204 Defenfi0.
777 110 895 238 Cap.
927 114 972 202 6.
1234 150 1308 226 119

158 277 272 359 facile
288 301 487 391 appareat,
504 311 569 361 me
586 284 632 361 iis
647 281 830 361 omnibus
850 282 1118 390 perfunctum,
1133 284 1159 361 s1
1176 285 1306 362 minus

157 417 242 498 quae
256 394 442 501 dignitas,
458 414 496 479 at
516 394 652 474 saltem
671 420 757 502 quae
776 395 973 476 neceffitas
992 395 1111 475 causae
1130 397 1305 503 require-

153 499 236 598 bat,
276 532 382 586 nunc
421 503 634 586 hominum
668 507 898 615 quorumvis
932 509 1211 616 expectationi,
1242 508 1305 586 vel

154 615 279 717 etiam
294 616 508 698 curiositati
526 646 682 697 morem
696 644 846 725 gerere.
905 618 1010 698 Hinc
1028 619 1139 712 alius,
1159 618 1303 726 inquis,

88 724 92 733 '
151 745 187 807 et
204 726 330 834 mrzj‘or
347 747 649 835 argumentorum
667 729 762 810 mihi
769 729 909 836 strrget
928 730 1027 809 ordo.
1087 733 1153 810 An
1181 729 1305 834 major

88 868 93 923 ‘r
151 866 198 919 eo
221 859 552 947 argumentorum
576 842 713 921 ordine
736 868 859 949 quem
882 841 947 920 lex
968 842 1049 920 Dei
1074 861 1114 921 et
1140 843 1304 922 Naturae

150 949 450 1060 suppeditabat?
509 953 587 1032 Fer
617 981 750 1061 opem,
784 953 952 1046 Lucina,
984 954 1149 1062 parturit
1178 953 1300 1033 Mons

151 1063 385 1159 Salmasius3
416 1091 495 1145 noo
520 1064 568 1142 de
593 1063 719 1143 nihilo
739 1064 867 1174 nupsrt
891 1066 1029 1158 uxori3
1060 1063 1203 1143 foetum
1227 1064 1300 1143 ali-

150 1201 275 1282 quem
288 1176 495 1283 ingentem
507 1175 725 1285 exspectate
738 1174 936 1256 mortales.
997 1176 1044 1255 Si
1052 1177 1083 1254 is
1093 1175 1160 1285 qui
1170 1176 1301 1284 rexcst

147 1314 194 1366 ac
211 1285 372 1381 dicitur,
388 1287 575 1397 postulari
589 1287 703 1399 ΜΛ
720 1287 824 1395 apud
836 1288 948 1396 aliam
969 1287 1195 1396 potestatem,
1221 1315 1299 1367 eam

88 1426 102 1495 t
148 1397 291 1479 omnino
309 1399 415 1506 regia
433 1397 605 1504 majorem
630 1398 695 1508 effe
719 1416 918 1508 oporteret,
937 1429 1021 1510 quae
1042 1415 1165 1479 autem
1181 1397 1301 1505 major

88 1498 94 1587 l
136 1508 354 1617 statuetur,
377 1511 474 1590 hanc
504 1539 594 1590 vere
623 1511 765 1619 regium
795 1509 873 1591 dici
893 1528 931 1590 et
953 1510 1018 1619 effe
1048 1510 1176 1620 neccffe
1201 1511 1297 1620 cff’t.

88 1636 93 1653 ‘
149 1621 215 1703 Sic
240 1621 336 1702 em‘m
356 1620 558 1729 dffnrimda
576 1623 737 1731 potstas
754 1622 889 1730 regia:
918 1625 1015 1729 Qeae
1026 1622 1176 1729 stamma
1194 1623 1243 1729 est
1262 1624 1300 1703 in

108 1794 119 1821 .
146 1732 278 1843 repub.
294 1751 332 1813 et
335 1732 576 1841 fingulart‘s;
605 1752 643 1813 et
648 1733 775 1842 supra
789 1762 897 1845 quam
916 1734 1021 1814 nulla
1039 1735 1118 1813 alia
1135 1733 1300 1842 agnosci-

88 1888 93 1897 ·
144 1862 230 1925 tur.
278 1844 317 1925 O
331 1872 489 1925 murem
502 1844 591 1926 vere
603 1866 853 1940 montanum,
866 1865 905 1926 et
918 1846 1155 1925 ridiculum!
1201 1848 1301 1924 Suc-

147 1957 297 2037 currite
308 1958 563 2065 grammatici
578 1959 838 2064 grammatico
853 1956 1068 2050 laboranti3
1099 1960 1230 2035 astum
1244 1956 1300 2035 est

146 2069 292 2150 nonde
304 2069 392 2175 lege
408 2070 489 2149 Dei
504 2087 572 2149 aut
586 2088 745 2163 naturae,
761 2068 825 2148 sed
840 2069 888 2148 de
901 2068 1094 2176 glossario.
1147 2067 1301 2173 Qridfi

147 2181 202 2262 fic
226 2179 502 2291 responderem
520 2181 620 2262 tibi?
650 2181 790 2262 cedant
810 2182 972 2262 nomina
991 2180 1121 2274 rebuS,
1140 2207 1221 2260 non
1244 2179 1301 2259 est

147 2292 328 2373 nostrum
347 2293 501 2372 nomini
520 2321 671 2388 cavere,
688 2293 758 2401 qui
778 2321 862 2372 rem
883 2292 1131 2385 sustulimus3
1161 2310 1300 2371 curent

143 2405 187 2485 id
207 2404 278 2485 alii
292 2404 436 2513 quibus
452 2405 563 2486 cordi
578 2405 665 2485 sunt
685 2432 794 2512 reges
808 2436 819 2499 ;
850 2432 919 2484 nos
937 2403 1064 2483 nostri
1079 2405 1230 2484 utimur
1245 2404 1294 2482 li-

143 2516 321 2597 bertate:
342 2513 566 2625 responsum
582 2515 667 2597 sane
682 2515 788 2596 haud
800 2516 984 2624 iniquum
997 2515 1180 2594 auferres.
1212 2516 1298 2595 Ve-

143 2625 238 2709 ritm
258 2646 304 2708 ut
320 2656 385 2709 me
404 2655 476 2736 per
493 2629 628 2708 omnia
646 2657 696 2709 ex
716 2656 827 2735 aequo
847 2647 886 2708 et
903 2627 1007 2706 bono
1027 2647 1161 2708 tecum
1180 2654 1297 2733 agere

144 2739 355 2847 intelligas,
371 2767 451 2818 non
465 2740 521 2819 est
532 2767 622 2819 mea
635 2737 778 2833 solirm,
792 2740 858 2819 sex
869 2768 920 2818 ex
935 2735 1183 2847 optimorum
1194 2739 1295 2818 olim

144 2870 187 2932 et
213 2850 603 2963 prudentislimorum
625 2854 802 2932 virorum
826 2851 1012 2931 sententia
1039 2850 1297 2959 respondebo,

145 2964 274 3072 quiet
290 2990 438 3043 nomen
457 2982 497 3043 et
511 2963 743 3074 potestatem
760 2964 910 3071 regiam
925 2990 1019 3042 cum
1036 2962 1221 3071 potestate
1238 2960 1295 3039 le-

145 3103 247 3183 gum
262 3093 302 3155 et
314 3075 454 3185 populi
469 3075 632 3182 majore,
645 3074 749 3186 polle
763 3074 917 3183 optime
928 3074 1130 3154 consistere
1138 3072 1294 3178 judica-

145 3204 255 3267 runt.
312 3188 519 3294 Lycurgus
539 3188 754 3296 imprimis,
767 3187 827 3266 vir
846 3186 1031 3296 sapientia
1050 3184 1296 3276 clariffimus,

144 3326 244 3379 cum
260 3297 380 3379 vellet
400 3298 576 3380 maxime
594 3299 774 3409 potestati
793 3300 909 3404 regiae
927 3295 1141 3389 consulere,
1160 3313 1205 3374 ut
1224 3323 1297 3374 au-

143 3408 239 3491 thor
258 3409 314 3490 est
330 3411 458 3504 Plato,
476 3410 627 3491 nullam
649 3411 767 3491 aliam
787 3409 868 3513 ejus
888 3408 1155 3489 conservandae
1174 3408 1294 3487 ratio·

145 3549 242 3603 nem
251 3522 426 3602 invenire
437 3525 582 3631 potuit,
596 3520 717 3629 quam
733 3541 778 3601 ut
796 3524 958 3601 Senatus
974 3539 1013 3599 et
1024 3516 1295 3629 Ephororum‚

144 3632 190 3714 id
203 3634 276 3728 ost,
288 3632 428 3744 populi
440 3635 673 3743 potestatem
693 3635 800 3740 regia
820 3632 1010 3738 majorem
1030 3633 1071 3711 in
1086 3630 1152 3710 sua
1171 3632 1296 3740 patria

144 3746 413 3826 constitueret.
473 3745 587 3826 Idem
618 3746 729 3825 senfit
750 3742 927 3824 Theseus
952 3740 1206 3852 Euripideus,
1225 3743 1296 3851 qui

143 3884 242 3938 cum
259 3854 510 3937 Athenarum
529 3886 599 3938 rex
617 3856 725 3951 effet,
744 3856 893 3966 populo
914 3875 1045 3935 tamen
1065 3852 1295 3935 Atheniensi

142 3970 187 4049 in
202 3967 429 4049 libertatem
444 3996 539 4050 cum
556 3996 700 4077 magna
716 3969 783 4049 sua
798 3967 923 4076 gloria
934 3968 1146 4060 vindicato,
1164 3984 1205 4046 et
1220 3992 1294 4074 po·

143 4080 325 4162 testatem
339 4080 573 4191 popularem
592 4079 737 4161 extulit
756 4079 870 4190 supra
889 4079 1055 4186 regiam,
1071 4096 1111 4158 et
1126 4102 1296 4183 regnum

142 4190 275 4273 nihilo
286 4191 541 4274 seciusinilla
554 4192 710 4273 civitate
724 4193 800 4272 suis
812 4191 973 4301 posteris
985 4189 1159 4298 reliquit.
1206 4187 1297 4264 Un-

140 4305 194 4386 de
209 4304 431 4416 Euripedes
451 4307 492 4384 in
512 4304 765 4414 supplicibus
786 4305 839 4386 ita
859 4304 1088 4413 loquentem
1108 4296 1275 4381 inducit.
