796 1583
204 309 206 311 ,
225 282 338 309 De'fensto
350 283 465 308 Secunda.
591 288 616 308 28
621 295 628 308 1

99 328 203 355 judicium
209 328 276 349 fallere
284 328 337 348 haud
344 328 378 348 diu
385 328 459 356 potuit,
466 333 487 348 tu
495 328 581 348 veritat-is
588 335 633 356 par-

99 364 109 377 a
114 356 419 384 studiisauteferendae,l²rinceps
425 356 566 383 atqueAuthor
585 363 632 384 rope

99 392 122 405 ‚m
128 384 211 405 coelestis
221 384 310 405 extitisti.
336 385 434 412 vais
439 384 494 404 enim
500 384 558 404 illum
580 385 633 404 omi-

99 413 189 433 :eximiae
194 413 287 433 doctrinm
293 412 454 440 fama‚caufieque
461 412 518 440 regiae
523 413 633 440 patrocinio

99 448 105 461 2
112 441 207 469 temporis
213 440 272 468 longe
277 440 369 460 omnium
375 439 548 463 celeberrimum&
554 445 573 460 te
581 441 633 460 invi-

101 476 130 492 m,
141 469 209 489 multis
220 469 327 489 honoribus
337 468 438 492 affeciffes,
448 473 515 489 tamen
523 469 633 496 prodeunte

99 497 219 524 responso,et
225 497 317 524 singulari
325 497 469 524 aequanimimte
474 496 508 516 abs
514 501 532 517 te
538 497 633 524 perlecto,

99 532 162 552 quam
167 525 257 545 vanitatis
264 529 284 545 et
289 525 411 552 apertiffimae
418 525 532 552 corruptelae
539 525 633 552 redargu-

99 561 104 573 ι
117 553 240 576 salmasium,
253 553 316 573 multa
330 552 406 576 leviter,
420 553 483 572 multa
496 552 633 576 immoderate,

99 588 105 601 ι
125 581 221 608 quaedam,
235 580 324 601 adversus
340 580 423 608 seipsum
442 580 486 604 alia,
502 585 522 601 et
535 580 633 608 prioribus

100 609 158 629 entiis
166 609 263 629 contraria
269 608 374 629 differuiffe
380 608 550 632 animadvertam,
554 608 578 628 ad
583 615 633 636 quae,

99 643 126 657 un
133 637 214 660 accitus,
223 642 245 661 ut
254 636 328 660 ferunt,
349 637 388 657 uod
399 636 442 656 satis
448 636 573 664 responderet
583 636 633 657 nihil

100 665 136 688 uit,
143 665 170 685 ita
178 665 244 693 palam
251 665 318 685 animo
326 672 337 684 a
353 665 395 685 esta
404 671 432 688 εε,
441 669 463 685 ut
469 665 493 685 ab
501 665 535 685 illo
544 670 633 693 tempore

99 700 123 713 ue
133 692 244 716 hominem,
256 697 278 713 ut
289 697 353 716 antea,
366 692 437 716 colere,
450 699 514 720 neque
526 693 567 719 ejus
578 693 635 720 inge-

99 728 116 741 ῃ
123 721 271 741 autdoctrinam
279 720 424 748 magnifacere,
432 725 459 744 et,
466 721 519 748 quod
529 726 570 741 erat
575 721 634 748 plane

99 749 192 776 pinatum,
201 749 243 776 ejus
250 748 357 769 adversario
366 748 479 776 propenfius
487 748 558 772 ἧπτε,
564 755 634 769 omnes

99 776 227 804 stelligerent.
265 777 304 797 uod
313 777 368 797 enIm
375 781 417 797 erat
426 777 446 797 in
453 781 543 804 tyrannos
549 776 633 800 dia-um,

99 805 145 825 abas
152 805 173 825 id
183 805 207 825 ad
217 809 236 825 te
245 805 265 825 ul
274 812 286 825 o
296 805 356 825 modo
365 805 475 832 pertinere:
490 805 542 825 unde
551 810 571 825 et
581 805 634 832 apud

99 833 182 857 metum,
190 838 209 853 et
219 833 271 860 apud
281 833 329 853 alios
337 832 412 853 famam
421 833 528 853 ree‘tiffimae
533 833 635 853 conscien-

100 861 171 889 adepta
180 868 207 881 es.
238 861 292 881 Cum
302 861 357 881 enim
367 866 400 881 tua
410 860 460 881 fasta
471 861 514 881 satis
527 861 634 885 declarent,

99 895 166 909 Annum
176 894 195 909 te
204 896 244 909 non
254 889 299 913 effe,
309 888 350 909 haec
360 894 392 909 tua
403 893 443 909 tam
453 894 520 916 aperta
527 890 589 909 animi
596 890 634 916 fig-

99 917 149 937 catio
157 916 222 937 adhue
229 917 299 937 clarius
311 917 462 941 demonstrabat,
479 922 498 937 te
513 917 554 944 ejus
565 917 594 937 rei
609 924 634 937 ne

99 945 144 965 nino
152 945 235 972 quidem
245 945 281 965 tibi
291 945 329 965 ess'e
338 945 443 965 consciam.
474 945 494 965 Ο
505 952 538 965 me
547 945 581 973 spe
590 945 635 965 mei

99 972 118 993 ui
124 972 242 993 feliciorem!
254 973 403 1000 (Eloquentiam
410 973 471 997 enirn,
476 973 510 993 nifi
518 980 561 1000 quae
567 974 588 993 in
595 973 635 1001 ipsa

99 1001 143 1021 itote
153 1001 216 1021 Suada
225 1001 261 1025 est,
273 1001 347 1021 nullam
361 1000 412 1021 mihi
428 1001 490 1027 sumo)
500 1002 543 1028 qui,
556 1008 604 1021 cum
614 1002 635 1021 in

99 1029 161 1049 natriae
168 1033 256 1056 tempora
263 1029 378 1052 incidiffem,
385 1034 408 1049 ut
415 1028 488 1049 necesse
495 1029 542 1049 effet
551 1029 572 1049 in
580 1029 636 1049 causa

99 1064 103 1077 ι
113 1057 173 1077 ardua
183 1062 264 1084 tamque
274 1057 367 1077 invidiosa
376 1056 454 1081 versari,
464 1062 487 1077 ut
492 1057 525 1083 jus
534 1064 594 1077 omne
604 1064 635 1077 re-

99 1091 120 1105 m
132 1085 250 1112 impugnare
267 1085 350 1108 viderer,
366 1090 407 1105 tam
421 1085 523 1108 illustrem,
536 1090 577 1105 tam
590 1084 635 1105 vere

99 1113 138 1133 iam
148 1114 215 1133 nactus
227 1113 262 1133 fim
275 1113 390 1140 integritatis
400 1120 449 1133 meae
458 1112 527 1133 testem
536 1118 595 1141 atque
605 1113 636 1133 in-

99 1141 258 1165 ›retem,nullum
264 1148 296 1161 me
303 1141 386 1161 verbum
393 1141 457 1161 fecisse
463 1146 530 1161 contra
538 1148 600 1168 reges,
604 1141 636 1161 sed

101 1173 131 1189 tra
139 1175 209 1196 regum
218 1169 271 1189 labes
279 1176 301 1189 ac
309 1169 371 1197 pestes
380 1169 476 1189 duntaxat
485 1174 584 1196 tyrannos.
604 1170 636 1190 Te

99 1197 109 1217 5
118 1197 274 1224 magmnimam,
287 1197 384 1224 Augusta,
397 1202 416 1217 te
429 1202 492 1217 tutam
505 1197 593 1225 undique
605 1198 637 1217 di-

99 1231 109 1245 n
117 1224 176 1252 plane
183 1225 255 1245 virtute
266 1232 288 1245 ac
298 1225 390 1253 sapientia
403 1225 512 1245 munitam!
527 1232 570 1253 quae
583 1226 637 1253 quod

99 1260 120 1273 ns
126 1258 183 1273 tuum
189 1260 212 1273 ac
218 1253 336 1281 dignitatem
341 1258 418 1281 poterat
424 1253 485 1273 videri
492 1253 636 1281 scriptum,non

99 1288 126 1301 lm
136 1286 179 1302 tam·
186 1288 242 1309 aequo
251 1282 318 1302 animo
326 1286 384 1309 atque
394 1281 465 1305 sedato,
475 1286 516 1301 tam
526 1281 638 1302 incredibili

99 1309 135 1329 ntis
147 1310 239 1333 candore,
249 1309 352 1337 vultusque
365 1309 410 1329 ver&
424 1309 524 1330 serenitate
537 1309 637 1337 perlegere

99 1337 179 1362 inuisti;
191 1337 224 1358 sed
236 1342 305 1358 contra
318 1337 381 1365 ipsum
395 1337 504 1358 Patronum
516 1342 574 1358 tuum
587 1337 638 1364 ejus-
