2888 5204
147 170 222 265 164
431 158 520 248 Pro
547 154 732 287 Populo
759 153 1028 284 Anglicano

606 610 743 688 CAP.
774 611 829 688 X.

160 799 245 865 ''r“
272 785 438 864 ‹aUM
452 782 1213 890 haecomniscontroverliadejnre,five
1225 809 1287 889 ge-

222 850 331 933 Ψᾫ

199 900 329 1006 ‚³00⁸
370 900 537 977 neratim
556 900 681 1006 regio,
694 898 772 978 five
790 897 997 1006 separatim
1008 896 1289 1004 regisAnglioe,

159 1106 162 1112 .
207 962 328 1140 f&
371 1009 573 1090 obstinatis
602 1013 776 1119 partium
806 1009 1145 1102 contentionibus,
1178 1004 1291 1116 quim

222 1136 225 1141 ’
375 1122 455 1231 ipsa
465 1124 523 1202 rei
538 1144 674 1201 natura
683 1123 884 1202 difficilior
896 1119 998 1200 sada
1011 1121 1075 1213 fit,
1086 1120 1217 1230 spero,
1227 1118 1291 1226 qni

146 1234 318 1314 studium
334 1235 507 1314 veritatis
525 1233 760 1315 sastionibus
769 1254 1029 1343 anteponunt,
1041 1234 1093 1312 iis
1105 1261 1154 1312 ea
1168 1260 1236 1311 me
1246 1255 1292 1309 ex

144 1344 233 1454 lege
254 1348 349 1439 Dei,
362 1347 531 1455 jureque
549 1348 748 1454 gentium,
763 1375 815 1425 ex
833 1345 1020 1424 institutis
1038 1346 1215 1453 denique
1228 1370 1294 1452 pa·

145 1454 1294 1569 triis,copioseattuliffe,qnaeregemAngliaejudicaripolse,

144 1590 262 1678 atque
291 1574 413 1650 etiam
437 1573 567 1680 capite
593 1573 728 1680 puniri
753 1570 1022 1649 indubitatum
1047 1568 1292 1677 reliquerint.

146 1682 255 1761 Cum
274 1684 435 1774 caeteris,
451 1711 621 1791 quorum
636 1685 790 1762 animos
804 1701 873 1761 aut
886 1682 1110 1792 superstitio
1123 1707 1295 1789 occupa·

144 1794 216 1888 vit,
240 1813 309 1874 aut
326 1795 471 1875 mentis
490 1796 618 1874 aciem
636 1796 848 1904 anticipata
867 1796 968 1902 regii
991 1793 1211 1902 splendoris
1229 1791 1297 1870 ad·

145 1906 304 1986 miratio
322 1908 376 1987 ita
394 1907 635 2016 perstrinxit,
650 1927 696 1986 ut
709 1907 812 1986 nihil
831 1909 873 1984 in
887 1909 1033 1985 virtute
1052 1932 1100 1983 ac
1117 1905 1300 1983 libertate

145 2045 235 2098 vera
251 2019 397 2099 illustre
410 2048 455 2099 ac
470 2020 719 2129 splendidum
733 2019 867 2099 videre
879 2018 1038 2127 poffint,
1049 2017 1130 2095 five
1145 2018 1297 2096 ratione

144 2149 185 2209 et
203 2134 444 2239 argumentis
464 2159 642 2239 agamus,
657 2131 732 2211 five
751 2131 961 2239 exemplis,
973 2128 1116 2208 frusba
1133 2148 1299 2208 conten·

143 2243 287 2324 dimus.
345 2247 413 2322 Tu
435 2244 541 2337 verb,
559 2244 734 2335 Salmafi,
751 2263 796 2322 ut
814 2244 964 2350 reliqua
982 2241 1135 2332 omnia,
1149 2241 1208 2319 ita
1220 2236 1297 2319 hoc

144 2356 265 2433 etiam
282 2354 444 2435 absurde
460 2353 676 2435 admodlim
697 2354 825 2435 facere
838 2355 996 2446 videris,
1008 2353 1080 2461 qui
1092 2380 1189 2431 cum
1205 2380 1297 2431 om·

145 2492 212 2546 nes
232 2468 536 2575 independentes
555 2465 740 2548 omnibus
765 2468 917 2576 probris
934 2492 1098 2545 onerare
1120 2491 1203 2543 non
1226 2463 1296 2543 de-

144 2577 254 2672 sinas,
272 2606 406 2686 regem
429 2580 555 2688 ipsum
572 2607 694 2688 quem
709 2577 900 2673 defendis,
914 2574 1092 2657 maximi
1110 2575 1297 2655 omnium

145 2690 473 2799 independentem
490 2688 599 2771 fuiffe
611 2691 761 2771 statuis:
778 2718 905 2799 neque
918 2718 1073 2796 regnum
1081 2685 1301 2796 populoJed

140 2804 273 2907 generi
286 2803 462 2913 debufffe:
481 2802 623 2882 deinde
637 2832 758 2911 quem
778 2802 912 2912 capitis
930 2800 1076 2908 causam
1093 2797 1218 2879 dt'cere
1236 2827 1295 2879 co·

143 2918 268 2992 nilum
295 2916 409 2994 initio
440 2917 609 3022 graviter
633 2915 805 3007 dolebas,
835 2941 928 2994 eum
952 2940 1058 2993 nunc
1086 2909 1296 3011 hauddum

138 3025 284 3134 periiffl
298 3029 484 3134 quereris.
515 3029 571 3106 At
587 3024 678 3105 verb
695 3046 819 3106 totam
832 3025 951 3105 causae
965 3025 1183 3105 diffionem
1195 3022 1294 3126 ejus,

145 3136 222 3216 fide
243 3139 393 3218 summa
406 3137 560 3218 Gallice
580 3137 742 3232 editam,
758 3137 944 3246 inspicere
964 3138 993 3216 fi
1012 3137 1124 3229 libet,
1136 3133 1296 3243 persua·

145 3248 231 3329 sum
251 3250 324 3330 tibi
347 3250 453 3330 aliud
482 3248 634 3330 fortasse
659 3251 746 3329 erit.
807 3248 953 3330 Carolo
978 3244 1083 3328 certe
1105 3274 1201 3325 cum
1226 3275 1298 3355 per

146 3361 297 3469 aliquot
309 3364 390 3443 dies
401 3363 607 3442 continuos
619 3361 853 3470 amplissima
866 3359 1053 3468 loquendi
1064 3357 1167 3438 fasta
1181 3360 1298 3467 copia

145 3471 251 3566 ellet,
276 3501 353 3553 non
375 3474 441 3553 ille
460 3474 623 3582 quidem
642 3473 698 3553 est
716 3502 761 3552 ea
780 3473 869 3552 usus
888 3473 936 3551 ad
955 3471 1107 3578 objesta
1126 3470 1198 3550 fibi
1215 3471 1295 3549 cri·

146 3584 253 3663 mina
280 3585 526 3678 diluendum,
559 3586 621 3665 sed
646 3586 695 3665 ad
717 3584 915 3689 judicium
947 3584 1045 3663 illud
1076 3610 1122 3661 ac
1140 3580 1297 3688 judices

146 3695 310 3774 omnino
329 3695 598 3801 rejiciendum.
660 3697 744 3806 Qi
761 3715 894 3776 autem
914 3724 1001 3775 reus
1013 3715 1079 3774 aut
1093 3713 1211 3787 tacet,
1228 3714 1298 3774 aut

143 3805 270 3885 aliena
290 3806 442 3916 semper
457 3807 674 3916 respondet,
699 3836 792 3887 eum
813 3836 890 3887 non
910 3808 966 3887 est
984 3806 1139 3912 injuria,
1160 3806 1190 3884 fi
1210 3833 1296 3884 ma-

146 3914 306 3998 nifestus
334 3919 548 3998 criminum
580 3918 639 4011 fit,
674 3921 736 3998 vel
768 3920 991 3999 inauditum
1026 3918 1296 4001 condemnari

147 4029 335 4110 Carolum
357 4030 384 4109 fi
401 4048 550 4110 mortem
570 4032 624 4109 ais
641 4031 755 4138 plani
779 4030 883 4140 egffl
900 4031 994 4110 vitae
1011 4026 1296 4138 respondentem,

144 4141 345 4222 assentior:
378 4141 517 4222 fidicis
530 4141 594 4251 pi>
609 4141 787 4248 etsantil
802 4141 983 4248 etstcurl
1003 4143 1125 4221 vitam
1140 4139 1297 4233 finiisse,

144 4255 238 4335 scito
259 4256 387 4335 aviam
402 4253 483 4359 ejus
500 4254 689 4346 Mariam,
706 4251 897 4333 infamem
914 4252 1135 4346 foeminam,
1152 4254 1240 4362 pari
1255 4254 1297 4331 in

143 4367 310 4474 speciem
331 4369 491 4477 pietate,
507 4364 719 4461 sanctitate,
739 4366 956 4446 constantia
969 4366 1009 4445 in
1027 4383 1213 4475 pegmate
1227 4391 1298 4444 oc-
