796 1583
253 297 374 323 Defenfio.
390 298 452 332 Cap.
466 308 490 330 4.
634 302 660 329 89

88 348 116 363 Ιει
124 342 192 363 temer>
214 342 243 362 uit
252 342 301 363 hunc
313 342 389 363 militem
398 341 529 370 reprehendat,
539 342 581 363 Dei
588 346 607 362 et
616 342 661 362 reli-

88 370 141 398 ginis
150 349 213 397 caqsg
219 370 367 398 tamstrenuum.
390 370 440 390 Haec
448 370 569 390 Sozornenus
576 369 662 397 ejusdem

88 399 142 419 tntis
149 398 240 426 scriptor,
246 399 276 418 vir
284 398 346 418 bonus
353 403 373 419 et
379 398 455 418 sanstus
461 406 466 422 ;
481 405 507 418 ex
513 405 554 425 quo
560 398 609 425 quid
615 398 661 418 reli-

88 426 119 457 ‘pi
129 433 152 446 en
160 426 275 454 tempestate
285 426 322 446 viri
330 426 377 446 boni
386 426 424 446 hac
432 426 457 446 de
465 433 485 446 re
494 425 593 449 senserint,
603 425 661 446 facile

88 454 219 483 perspicimus.
249 454 293 482 Ipse
302 454 418 475 Ambrosius
429 454 454 474 ab
464 454 582 482 imperatore
588 454 661 474 Valen-

88 482 159 504 inimo
164 482 305 509 minorejuffus
311 482 360 502 urbe
363 482 480 503 Mediolano
486 482 589 506 excedere,
593 489 662 510 parere

88 510 155 534 noluit,
161 510 193 531 sed
199 510 340 538 circumseptus
347 515 422 530 armato
428 510 502 538 populo
508 510 527 530 se
532 515 553 530 at
567 517 592 530 ue
598 510 661 530 bafili-

88 545 129 559 mm
137 538 191 559 suam
200 543 269 559 contra
276 539 341 565 regios
350 538 451 566 praefeetos
460 538 519 558 armis
526 538 551 558 de
559 538 626 562 endit;
641 543 662 559 et

88 566 164 587 hmmae
169 566 260 594 potestati
266 566 358 590 resistere,
364 570 433 586 contra
438 573 499 594 quam
505 566 574 587 docuit
579 566 627 594 ipse,
634 566 662 586 est

88 594 146 615 rufius.
176 594 347 622 Constann‘nopoli
357 594 410 614 haud
418 594 478 614 semel
488 599 568 622 propter
578 594 661 614 exilium

88 622 221 650 Chrysostomi
234 627 302 642 contra
316 622 424 642 Arcadium
440 623 580 650 imperatorem
594 622 661 642 seditio

88 651 172 671 mxima
179 655 280 670 commota
287 650 322 670 est.
353 650 377 670 In
385 655 476 677 tyrannos
484 651 545 677 igitur
552 650 601 677 quid
611 650 661 670 anti-

111 678 232 699 iChristiani
238 678 326 702 fecerint,
331 685 371 698 non
376 678 450 698 milites
457 677 562 702 solum‚sed
568 678 661 706 populus,

88 706 115 727 ed
123 706 160 734 ipsi
170 711 241 734 patres,
249 706 280 726 vel
287 706 397 730 refistendo,
404 706 435 726 vel
443 706 529 733 gerendo
539 706 622 730 bellum,
630 707 661 726 vel

88 734 273 762 :oncinndomsque
279 734 303 754 ad
310 734 417 761 Augustini
424 735 619 761 tempora,quoniam
625 734 661 754 tibi

88 761 168 783 alterius
173 762 266 790 progredi
274 769 313 782 non
319 762 375 786 libet,
384 762 469 782 breviter
475 762 562 790 exposui.
588 762 661 782 Valen-

88 791 182 811 :inianum
190 791 244 810 enim
251 790 342 811 Placidiae
348 790 412 810 filium
419 790 545 811 interfectum
551 790 562 811 ὲ
568 790 661 810 Maximo

88 819 176 846 patricio,
182 818 208 839 ob
219 818 309 846 stuprum
319 819 377 838 uxori
386 819 428 845 ejus
437 818 522 842 illatum,
528 824 595 839 mceo:
610 819 661 839 Avi-

88 852 128 867 tum
135 847 196 867 etiam
202 847 343 874 imperatorem
349 847 430 867 dimiffis
436 846 533 867 militibus
540 847 577 867 suis
584 847 662 867 luxuria

88 874 210 895 diffluentem
218 874 230 894 ὲ
238 875 309 895 Senatu
318 875 410 895 Romano
419 874 523 895 confestim
531 880 615 895 exutum
622 875 661 895 im-

88 903 141 930 perio
148 909 188 923 non
194 909 294 923 memoro:
304 903 351 930 quia
357 909 418 923 annos
424 903 500 930 aliquot
506 903 549 930 post
555 903 662 930 Augustini

88 931 164 951 :bitum
170 931 205 951 ista
212 931 332 951 acciderunt.
358 930 435 951 Verum
442 930 495 951 dono
504 931 540 951 tibi
548 931 587 951 hoc
594 938 661 954 omne,

88 964 107 980 tu
113 958 165 979 nihil
172 958 244 979 horum
250 958 357 986 exposuisse
364 966 396 978 me
403 958 463 985 finge,
470 959 569 986 paruerint
575 966 610 986 per
616 966 662 979 orn-

88 987 118 1007 nia
131 986 169 1007 suis
182 986 262 1014 regibus
271 991 346 1007 veteres
357 986 465 1010 christiani,
475 987 583 1014 quicquam
595 992 662 1007 contra

88 1020 177 1042 tyrannos
191 1022 216 1035 ne
230 1014 321 1038 fecerint,
331 1019 364 1035 aut
378 1014 443 1035 fecisse
453 1015 558 1039 voluerint,
572 1021 612 1035 non
624 1014 661 1035 effe

88 1048 153 1063 tamen
165 1049 199 1063 eos
211 1049 298 1070 quorum
308 1042 426 1063 authoritate
436 1043 472 1063 niti
482 1042 596 1066 debeamus,
606 1047 640 1063 aut
651 1042 662 1062 ὲ

88 1071 158 1099 quibus
165 1070 258 1098 exempla
267 1075 333 1098 petere
341 1070 448 1091 salutariter
457 1070 558 1098 poffimus,
566 1070 619 1098 quod
630 1070 662 1090 su-

88 1098 157 1127 perest,
171 1105 223 1119 nunc
236 1098 319 1119 docebo.
348 1098 395 1125 sz
408 1099 443 1119 diu
454 1104 498 1119 ante
509 1099 662 1119 Constantinum

88 1127 172 1155 populus
181 1126 297 1147 christianus
310 1127 398 1147 multum
408 1126 432 1147 de
443 1127 534 1154 primaeva
544 1127 578 1147 illa
592 1127 662 1147 saneti—

88 1156 154 1176 munia
165 1160 185 1175 et
197 1155 305 1175 sinceritate
314 1154 362 1175 clun
373 1155 466 1175 doctrinae
479 1160 522 1175 tum
535 1162 615 1175 morum
627 1155 662 1175 de-

136 1183 204 1203 iderat.
235 1183 341 1210 Postquam
352 1183 451 1203 immenfis
458 1183 529 1210 opibus
537 1183 598 1203 ditata
605 1183 630 1203 ab
638 1190 662 1203 eo

88 1211 173 1235 ecclelia,
185 1211 277 1234 honores,
287 1211 419 1234 dominatum,
431 1215 451 1231 et
464 1211 573 1238 potentiam
583 1211 662 1231 civilem

88 1240 177 1260 adamare
183 1239 251 1266 coepit,
259 1239 323 1259 statim
330 1239 397 1259 omnia
403 1239 424 1259 in
430 1245 514 1266 praeceps
520 1246 582 1259 ruere.
594 1239 662 1259 Primo

88 1267 145 1288 luxus
154 1272 175 1287 et
184 1267 283 1294 segnities,
291 1274 381 1287 errorum
391 1267 462 1287 deinde
472 1267 564 1287 omnium
573 1272 594 1287 et
603 1267 662 1287 vitio-

88 1303 131 1316 rum
140 1300 226 1319 autern,
237 1295 299 1315 veluti
309 1295 376 1315 solutis
383 1295 462 1315 aliunde
472 1295 589 1318 carceribus,
599 1295 620 1315 in
629 1302 662 1315 ec-

88 1324 164 1344 clefiam
171 1323 301 1350 immigravit;
310 1322 357 1343 hinc
364 1323 478 1347 invidentia,
485 1323 562 1347 odium,
568 1323 662 1343 discordia

88 1352 157 1380 paffim
163 1351 284 1372 redundabat
291 1358 296 1375 ;
312 1351 391 1371 tandem
399 1350 452 1372 haud
460 1351 527 1372 mitius
532 1352 584 1372 inter
590 1350 609 1371 se
614 1349 662 1371 cha-
