2888 5204
313 598 492 693 Contra
517 595 843 695 Alexandrum
868 601 1077 696 Morum.
1192 639 1268 720 341.

124 769 271 850 nvidia
289 791 425 854 contra
451 802 517 853 me
545 775 677 868 utatis,
697 773 746 855 ad
765 775 912 881 justam
940 773 1215 885 probationem
1232 797 1272 857 et

124 882 449 992 :ompettiffimos
470 883 571 966 mihi
597 886 710 968 testes
736 887 897 968 transeo.
956 888 1108 997 Accipe
1128 889 1168 967 in
1189 889 1271 997 pri·

124 995 196 1074 nis
238 994 440 1077 literatum
472 1017 641 1107 partem,
672 1027 757 1107 quae
793 998 898 1079 haud
937 1001 991 1079 ita
1026 999 1152 1079 multo
1185 997 1272 1109 post

124 1104 323 1212 ¹otrgduno
352 1110 590 1190 Batavorum
618 1110 706 1189 sunt
732 1112 843 1205 datae,
868 1108 989 1219 quam
1019 1110 1174 1191 libellus
1202 1110 1271 1191 iste

124 1215 315 1300 :lamosus
334 1220 655 1328 Hagae-Comitis
675 1223 731 1302 est
753 1223 894 1303 editus.
953 1222 1081 1303 Mitsae
1105 1221 1191 1302 sunt
1214 1221 1273 1307 hae

124 1331 243 1411 iterae
272 1333 320 1412 ad
352 1334 528 1412 amicum
560 1336 759 1443 quendam
793 1362 930 1417 meum
958 1333 1005 1413 ab
1038 1333 1202 1413 homine
1234 1355 1274 1436 et

124 1441 240 1523 Ιοᾶο
266 1462 306 1523 et
333 1444 540 1554 prudente,
561 1463 601 1525 et
626 1473 758 1526 rerum
784 1444 1031 1554 peritiffimo,
1055 1443 1157 1526 mihi
1184 1447 1272 1526 satis

124 1574 233 1648 tot0,
266 1557 375 1635 etin
401 1556 617 1637 Hollandia
648 1559 870 1638 notiffimo:
901 1558 943 1635 in
974 1557 1118 1665 quibus
1147 1556 1273 1637 libelli

124 1664 322 1773 arjusdam
355 1665 491 1749 famosi
518 1666 619 1750 fana
645 1671 860 1763 mentione,
886 1667 969 1750 haec
996 1668 1126 1749 statim
1155 1669 1273 1750 verba

124 1776 333 1886 'abjungit

158 1952 317 2034 Literae
336 1954 542 2062 Leiderffes,
564 1955 744 2066 Septemb.
769 1981 835 2063 27.
846 1957 935 2066 stilo
954 1984 1058 2037 novo.
1105 1958 1224 2064 1652.

175 2117 274 2199 Nec
294 2119 449 2224 majoris
478 2118 669 2200 momenti
699 2116 755 2196 est
782 2117 851 2199 iste
872 2118 984 2198 Mori
1005 2118 1116 2213 liber,
1136 2119 1202 2198 cui
1223 2118 1270 2197 ti-

124 2229 228 2310 ulus
260 2230 423 2310 Clamor
450 2231 570 2337 Regii
598 2229 794 2337 sanguinis
821 2230 868 2309 ad
894 2230 1066 2315 coelum:
1109 2228 1272 2337 satisque

124 2340 331 2423 rendibilis
358 2339 449 2436 fuit,
470 2343 595 2422 donec
623 2340 784 2421 Author
809 2341 913 2422 illius
938 2340 1072 2420 vitiata
1099 2341 1272 2420 Salmasri

124 2454 259 2534 axoris
277 2453 431 2547 ancilla,
452 2453 532 2563 ipse
559 2453 667 2534 suam
693 2453 1025 2534 existimationem
1044 2479 1273 2531 commacu-

124 2564 233 2645 lavit.
294 2565 370 2644 Hae
388 2566 522 2659 literae,
542 2565 683 2645 eodem
711 2584 808 2675 puto
835 2564 980 2658 mense,
1000 2565 1161 2671 integrae
1187 2563 1274 2643 sunt

124 2675 329 2784 evulgatae,
342 2679 462 2786 inque
475 2679 569 2756 attis
584 2677 733 2757 diurnis
745 2678 848 2787 apud
864 2705 947 2771 nos,
960 2677 1100 2785 quinto
1113 2703 1272 2784 quoque

124 2787 186 2868 die
203 2785 461 2869 hebdomada
473 2789 627 2898 prodire
642 2788 777 2883 solitis,
791 2789 923 2899 palam
936 2807 1090 2882 extant;
1117 2786 1273 2896 ejusque

124 2898 361 2980 authoritate
384 2901 448 2980 vel
471 2901 541 3008 qui
572 2901 676 2980 mitit
703 2929 780 2994 eas,
801 2901 863 2980 vel
893 2900 964 3009 qui
988 2900 1125 2994 edidit,
1153 2899 1275 2980 fidem

124 3008 239 3091 facile
268 3011 375 3093 suam
402 3030 575 3106 tuentur,
596 3041 728 3091 meam
752 3012 970 3093 absolvunt.
1030 3013 1129 3092 Haec
1153 3010 1275 3091 habui

124 3149 254 3231 neque
285 3122 399 3218 levia,
430 3151 558 3231 neque
593 3124 675 3204 ullo
713 3125 834 3204 modo
868 3124 1169 3217 contemnenda,
1203 3152 1274 3204 cur

124 3230 231 3315 hunc
252 3234 371 3343 Regii
393 3233 588 3342 sanguinis
608 3236 822 3316 clamorem
841 3264 940 3344 opus
962 3254 1074 3314 tuum
1095 3233 1168 3313 esse
1188 3264 1273 3315 cte-

124 3345 319 3426 diderim:
361 3344 510 3426 famam
540 3348 795 3441 constantem,
828 3374 907 3425 non
940 3345 1063 3451 vulgi,
1092 3346 1156 3424 sed
1188 3374 1275 3424 am-

124 3458 387 3568 plislimotum
406 3456 616 3538 hominum
644 3488 714 3568 per
739 3458 944 3538 biennium
970 3476 1097 3536 totum
1118 3457 1274 3565 opinio-

123 3597 218 3650 nem
249 3589 366 3678 atque
397 3570 640 3663 consensum,
673 3571 801 3650 literas
831 3571 904 3649 viri
935 3568 1274 3676 intelligentiffimi

124 3698 245 3790 atque
269 3680 524 3761 honestissimi
544 3682 673 3761 vicina
700 3709 749 3761 ex
779 3680 875 3761 urbe
901 3679 1043 3773 missas,
1063 3678 1205 3789 quibus
1225 3707 1274 3759 an

124 3793 223 3902 quid
242 3794 385 3874 certius
404 3794 445 3871 in
462 3821 503 3872 re
523 3793 734 3902 prasertim
750 3792 966 3901 longinqua
984 3791 1032 3870 de
1052 3792 1215 3872 inimico
1235 3811 1276 3872 et

124 3922 312 3985 extraneo
340 3903 518 3997 homine,
550 3925 590 3985 et
616 3906 728 3983 omni
755 3903 917 3984 infamia
937 3902 1176 4008 jamdudum
1205 3932 1275 3985 co-

124 4032 279 4126 operte,
300 4017 590 4125 expettandum
616 4014 737 4097 fuerit
761 4036 829 4096 aut
847 4015 1143 4123 requirendum,
1168 4012 1275 4095 haud

124 4126 217 4208 scio.
277 4130 367 4235 Age
383 4126 498 4221 vero;
531 4155 579 4206 ne
600 4147 643 4206 tu
663 4155 728 4207 me
745 4128 892 4207 trislem
909 4127 1026 4207 nimis
1046 4147 1085 4207 et
1104 4127 1275 4208 obstina-

124 4257 215 4321 tum
234 4240 422 4347 queraris,
439 4240 638 4347 aliquanto
658 4235 783 4318 laxiits
800 4256 838 4317 te
853 4235 1020 4332 habebo,
1035 4267 1114 4347 quo
1134 4239 1275 4321 deinde

124 4346 267 4431 fortius
287 4369 442 4430 teneam
460 4371 577 4459 atque
590 4349 879 4456 constringam:
901 4351 1089 4458 quoniam
1109 4350 1275 4431 attribu-

125 4480 216 4542 tum
235 4462 309 4542 tibi
328 4461 475 4541 librum
492 4462 761 4569 elegantulum
781 4461 831 4541 src
847 4461 1027 4541 aversaris
1046 4480 1162 4570 atque
1183 4460 1276 4541 hot-

123 4601 201 4667 res,
233 4588 368 4654 contra
400 4572 641 4654 haecomnia
671 4602 756 4682 quae
782 4574 920 4652 afferre
950 4570 1136 4652 hactenus
1163 4575 1276 4680 potui

124 4703 209 4765 tam
227 4685 369 4780 valida,
385 4704 495 4766 tuam
510 4686 637 4765 valete
658 4685 891 4792 fingularem
904 4703 943 4763 et
955 4682 1276 4793 'suspetliffimam

124 4797 379 4905 negationem
400 4798 548 4907 patiar;
580 4798 780 4877 remittam
801 4795 873 4877 tibi
899 4792 976 4876 hoc
1004 4815 1132 4875 totum
1159 4815 1275 4904 atque
