796 1583
289 284 402 309 Defensio
415 285 529 309 Secunda.
657 296 679 316 31
687 296 694 309 1

114 329 237 357 contigiffitt‚
251 335 271 350 et
284 330 394 351 emtoribus
408 331 462 350 idem
478 331 531 358 quod
544 330 607 358 po'e‘tis
620 331 695 354 liceret,

114 356 171 377 haud
178 358 294 378 dubitassem
302 358 392 386 profesto
402 359 472 379 sortem
481 366 546 379 meam
556 359 639 378 deorum
649 359 694 379 sorti

114 386 260 406 nonnullorum
267 386 375 407 anteferre:
391 387 466 414 quippe
479 387 523 407 illos
534 387 558 407 de
568 386 632 407 forma
641 387 693 407 dun-

115 418 172 434 taxat
181 419 215 434 aut
225 414 249 434 de
261 415 341 438 musica,
355 415 410 438 deos,
420 414 507 435 humano
521 414 555 435 sub
565 414 633 441 judice
645 421 693 435 con-

114 441 209 462 oendiss‘e:
225 449 258 462 me
268 442 372 463 hominem
382 443 402 462 in
412 443 519 463 certamine
529 442 588 470 longe
600 443 692 463 omnium

113 470 267 497 praeclariffimo,
277 471 313 491 dea
320 471 394 497 judice,
401 471 521 498 superiorem
528 471 635 491 discessisse.
659 472 691 491 Sic

114 505 148 518 me
161 497 319 523 cohonestatum,
333 506 392 519 nemo
406 499 440 519 nifi
455 498 543 519 carnifex
559 499 691 526 ignominiose

114 526 186 546 audeat
197 527 286 550 tractare,
301 532 341 547 tam
355 527 391 554 qui
402 527 478 553 jufferit
492 526 552 554 quarn
564 527 599 554 qui
613 526 689 547 fecerit.

114 554 157 574 Hic
162 554 289 575 vehementer
295 555 376 578 laboras,
380 560 402 575 ut
409 562 433 575 ne
440 555 489 575 faeta
494 555 558 575 nostra
561 555 596 574 Bel
597 555 689 581 gicorum

113 589 151 630 pro
156 582 246 603 libertate
253 583 364 603 facinorum
370 583 463 610 exemplo
468 583 518 603 tueri
524 590 628 610 queamus:
636 583 689 609 quod

134 610 229 631 Salmafio
239 618 319 638 quoque
331 611 401 631 frustra
414 611 523 631 laboratum
535 611 575 631 est:
593 611 625 631 cui
636 611 690 638 quod

112 642 161 658 tunc
168 638 269 666 respondi:
279 639 333 659 idem
344 639 379 659 tibi
389 646 442 659 nunc
450 638 561 666 responsum
570 639 628 659 volo:
638 639 689 659 Falli

113 667 149 694 qui
159 673 194 687 nos
201 667 294 694 opinatur
303 667 418 694 cujusquam
427 667 520 694 exemplo
529 667 572 690 niti.
582 667 689 694 Belgarum

127 701 150 714 ro
158 694 247 715 libertate
253 695 339 715 facinora
346 694 437 721 adjuviffe
445 695 511 722 saepius
518 702 540 714 ac
549 694 688 718 foviffe‚aemu-

112 701 149 743 {si
163 722 237 743 neceffe
250 730 351 750 nunquam
365 723 459 746 habuiffe,
473 723 535 750 fiquid
550 730 586 750 pro
598 723 688 743 libertate

112 750 192 771 fortiter
206 750 318 771 faciendum
334 751 369 775 est,
387 750 478 771 authores
492 750 527 778 ipsi
542 750 598 770 nobis
614 750 687 774 sumus,

127 779 189 802 raeire,
203 786 242 799 non
254 779 309 806 sequi
321 779 369 799 alios
383 779 456 799 assueti.
485 779 519 799 Tu
531 778 578 799 verb
590 778 650 798 etiam
663 779 687 799 ad

137 806 188 827 llum
192 812 260 827 contra
264 814 298 828 nos
303 807 363 828 treffis
367 812 439 830 orator,
443 807 687 834 stultiffimisargumentis,

113 839 134 855 et
140 839 159 855 te
165 835 272 855 verberone
278 835 422 862 dignis,Gallos
429 835 520 855 hortaris:
529 835 612 862 Nostros,
617 835 688 862 inquis,

111 862 182 890 kgatos
195 863 278 891 excipere
295 864 379 883 Gallicus
386 863 469 890 spiritus
481 870 574 890 nunquam
581 862 687 890 fhstinebit.

111 890 208 911 Sustinuit
214 891 268 919 quod
276 891 320 919 plus
328 892 363 915 est,
371 891 460 918 suosjam
467 896 495 911 ter
502 896 522 911 et
529 891 614 918 amplius
622 891 645 911 ad
652 898 687 911 nos

112 919 166 939 ultro
175 920 264 939 mittere:
276 920 330 939 Galli
340 920 402 946 igitur
409 919 503 946 generofi,
512 923 534 938 ut
544 919 612 942 solent,
622 924 643 939 tu
652 919 688 939 de-

111 953 174 974 gener
181 952 201 967 et
208 947 220 967 s
230 947 291 971 urius,
299 948 425 975 politicarum
434 948 531 967 rationum
539 947 592 967 rudis
600 954 622 967 ac
630 946 687 967 falsus

110 955 269 1003 deprehengeris.
299 976 354 995 Hinc
362 976 382 995 id
390 976 432 1002 agis
442 980 463 995 ut
473 975 599 998 demonstres,
607 974 687 1001 dfaede-

111 1003 162 1023 ratit
170 1003 265 1023 ordinibus
274 1011 296 1023 ex
306 1003 397 1031 cnmpqstto
407 1011 445 1023 rem
455 1004 474 1023 in
482 1003 555 1030 longum
564 1002 614 1026 duci,
627 1003 687 1030 eqsque

110 1030 201 1058 nobilium
214 1039 247 1051 nec
251 1031 318 1058 foedus
329 1039 362 1052 nec
374 1031 440 1051 bellum
449 1031 503 1051 velle.
533 1031 596 1057 Atqui
608 1031 687 1051 interest

110 1059 202 1086 profefio
212 1059 299 1087 ipsorum
310 1060 418 1083 Ordinum,
432 1066 470 1079 non
481 1059 521 1086 pati
529 1059 608 1079 consilia
618 1058 650 1078 sua
661 1059 686 1079 sic

110 1087 188 1111 nudari,
198 1092 226 1111 et,
237 1092 259 1107 ut
268 1088 295 1107 ita
303 1088 375 1111 dicam,
385 1087 448 1107 vitiari
458 1086 468 1107 a
478 1086 593 1107 Genevense
603 1086 686 1114 perfuga

109 1115 163 1143 apud
173 1115 191 1136 Ie
201 1115 316 1139 stabulante,
325 1116 359 1143 qui
368 1116 381 1136 fi
387 1116 461 1136 diutius
468 1115 567 1138 toleretur,
574 1122 614 1135 non
624 1115 686 1135 ancil-

109 1143 134 1164 lis
141 1143 210 1168 modo,
218 1143 251 1164 sed
257 1144 341 1164 confiliis
351 1144 410 1164 etiam
419 1143 503 1171 publicis
509 1143 599 1170 stuprum
609 1143 686 1163 videtur

109 1171 207 1196 illaturus,
221 1179 268 1192 cum
279 1172 314 1199 ipsi
324 1171 409 1192 fraterna
418 1177 476 1199 atque
487 1171 557 1191 fincera
568 1171 635 1191 omnia
647 1178 686 1198 prae

109 1199 128 1220 se
134 1199 207 1223 ferant,
214 1207 267 1220 nunc
277 1207 354 1228 pacem,
360 1207 403 1227 quae
410 1205 455 1220 vota
463 1199 506 1219 sunt
514 1199 612 1219 bonorum
619 1200 685 1219 omni-

109 1235 153 1251 um,
161 1233 277 1255 perpetuam
286 1228 388 1248 nobiscum
396 1227 577 1254 redintegraverint.
607 1227 684 1254 Jucun-

108 1255 152 1276 dun
156 1255 425 1283 erat,inquit,videre‚quibus
430 1255 522 1278 ludibriis,
529 1255 594 1282 quibus
596 1255 686 1282 periculis

101 1284 200 1311 firm-feri
207 1284 238 1304 illi
245 1284 310 1311 legati,
317 1284 431 1311 Anglorum
439 1283 519 1306 scilicet,
525 1282 605 1310 quotidie
611 1283 685 1310 caaefiic-

107 1316 206 1336 tarentur,
217 1319 252 1332 non
265 1312 314 1332 modo
327 1312 351 1332 ab
360 1312 431 1338 Anglis
440 1311 503 1338 regiis,
515 1316 550 1331 etc.
560 1310 597 1337 ſsd
607 1311 686 1331 maxim?

106 1340 186 1361 omnim
196 1340 208 1360 ἃ
219 1340 308 1361 Batavis.
339 1340 383 1360 Nifi
395 1340 521 1367 exploratum
534 1339 589 1359 nobis
598 1338 639 1365 jam
650 1339 684 1359 diu
