2888 5204
140 196 218 275 262
435 185 527 277 Pro
552 174 739 312 Populo
764 176 1037 309 Angiicano

140 381 281 435 munes
300 354 386 465 ipfi,
406 357 507 435 iram
525 355 607 434 Dei
624 352 790 433 consciit
807 354 1054 434 denuntiare.
1110 353 1178 433 Tu
1191 348 1266 431 verb
1315 362 1320 438 ἓ

140 467 330 576 quorsum
352 467 521 561 audires,
548 493 599 546 an
617 483 664 545 ut
682 465 849 573 sstymm
873 467 1057 574 cynaedos
1081 462 1268 545 scriberet?
1315 473 1320 569 ξ

140 579 285 659 videris
303 581 413 659 enim
431 579 574 658 eodem
592 597 788 686 tempore,
800 596 844 659 et
856 578 1072 659 ementitus
1087 576 1270 657 hunccin-
1317 584 1320 634 ³

142 717 299 771 morem
316 692 367 770 ad
384 690 548 784 coelum,
571 707 612 770 et
630 716 725 769 cum
745 690 887 770 Pontia
903 686 1048 770 furtim
1064 688 1273 770 libidinum
1318 716 1320 746 ²

145 801 236 882 effe.
295 801 430 883 Multa
450 821 488 882 te
508 801 748 912 impediunt,
763 802 899 896 More,
917 802 1049 882 multa
1061 797 1275 882 inmaturis·
1318 810 1320 857 ³

141 942 222 1022 que
243 913 545 1008 circumsonant,
568 941 657 1023 quae
678 931 719 992 te
740 940 802 993 res
827 912 1047 994 isiiufinodi
1068 915 1123 995 ad
1147 912 1275 993 omium
1318 924 1320 969 ³

144 1027 311 1135 perlatas
323 1026 459 1106 audire
478 1054 558 1105 non
578 1026 730 1105 sinunt:
750 1045 792 1105 et
804 1025 834 1105 si
845 1023 948 1105 nihil
961 1026 1089 1121 aliud,
1104 1023 1209 1107 cene
1219 1021 1276 1132 qui
1318 1070 1320 1083 ι

143 1156 281 1219 contra
296 1137 424 1248 ipsum
440 1156 479 1217 te
492 1137 542 1217 ad
558 1137 707 1218 coelum
720 1163 844 1245 quam
853 1136 1056 1329 glutimus
1067 1136 1119 1217 fit
1130 1138 1275 1217 clamor.
1317 1174 1320 1196 ι

146 1249 307 1330 Clamat
324 1268 460 1331 contra
480 1268 533 1342 te,
548 1248 576 1327 si
591 1248 729 1343 nescis,
740 1249 853 1329 Moec
924 1250 993 1329 illa
1006 1266 1078 1330 tua
1092 1244 1276 1340 hortensia,

144 1380 215 1442 tuo
233 1358 410 1443 maxime
430 1361 598 1441 Pastoris
616 1360 675 1441 sui
693 1360 895 1470 exemplo,
920 1361 1137 1473 deceptam
1159 1360 1197 1442 se
1217 1355 1276 1439 esst
1318 1394 1320 1405 ·

143 1474 303 1582 questa:
333 1475 479 1553 clamat
502 1490 639 1552 contra
664 1493 703 1553 te
728 1474 906 1569 maritus,
922 1473 1037 1579 cujus
1055 1492 1193 1554 torum
1207 1470 1275 1550 vio-

145 1585 244 1679 lasti,
259 1586 405 1665 clamat
420 1586 577 1678 Pontia,
602 1586 668 1664 cui
690 1589 853 1695 pactum
876 1586 1055 1696 nuptiale
1072 1580 1275 1675 temerasii3
1318 1612 1320 1617 ·

146 1697 305 1791 clamat,
326 1698 443 1805 siquis
456 1696 527 1791 est,
541 1724 666 1805 quem
680 1695 826 1807 probro
839 1699 1037 1805 genitum,
1053 1695 1276 1778 infantulum
1317 1708 1320 1723 '

144 1808 329 1888 abdicasti
341 1838 353 1904 ;
373 1806 520 1889 horum
532 1812 716 1889 omnium
730 1810 921 1889 clamores
931 1811 981 1890 ad
994 1808 1149 1891 coelum
1162 1824 1277 1890 coum
1317 1820 1320 1911 ξ

145 1937 199 2015 te,
212 1922 240 2001 ti
252 1947 331 2000 non
345 1921 471 2015 audis,
483 1948 613 2028 neque
625 1922 741 2000 illum
757 1923 858 2029 regii
868 1921 1067 2029 sanguinis
1080 1916 1275 2003 audiverit:

145 2032 293 2113 interea
308 2032 463 2112 libellus
477 2032 563 2126 iste,
577 2060 655 2113 non
668 2033 768 2139 regii
780 2032 975 2141 sanguinis
987 2032 1144 2116 clamor
1153 2032 1277 2114 adooe·
1318 2046 1320 2089 ³

146 2143 248 2239 lum,
260 2144 324 2224 sed
336 2144 686 2224 lascivientisMori
697 2144 874 2225 hinnitus
887 2137 1278 2239 adPontiam‚r0ffiu
1318 2157 1320 2203 i

148 2256 390 2336 inscribetur.
441 2260 543 2367 Qae
562 2254 737 2363 sequitur
751 2257 928 2366 Epistola
942 2258 1100 2366 proiixa
1117 2256 1276 2368 quidem,

146 2386 187 2446 et
198 2367 297 2447 bene
310 2367 462 2477 putida,
476 2368 622 2477 partim
633 2368 794 2461 Carolo,
806 2370 952 2478 partim
963 2369 1175 2463 Miltonio,
1186 2361 1278 2448 alteri

146 2478 440 2585 amplificando,
457 2481 570 2559 alteri
587 2478 831 2574 infamando,
849 2481 1069 2562 dedicatur.
1125 2480 1196 2563 Ab
1210 2472 1277 2587 ipso

146 2589 278 2669 statim
292 2591 406 2670 initio
421 2589 647 2671 Authorem
659 2591 794 2672 discite
810 2621 820 2671 :
844 2593 978 2674 Caroli
984 2594 1136 2701 Regna,
1151 2587 1277 2701 inquit,

146 2701 185 2780 in
202 2701 430 2808 Sacrilegum
443 2702 741 2810 parrictilarum,
754 2722 792 2784 et
804 2700 921 2815 (quau
934 2702 1053 2784 verba
1072 2702 1202 2809 destant
1218 2696 1279 2782 ido

146 2841 231 2906 nea,
249 2809 522 2894 Tertullianaed
539 2843 627 2894 voce
645 2813 863 2924 abutimur)
878 2814 1124 2896 Deicidarum
1135 2813 1281 2927 potesta·

145 2942 218 3004 tem
236 2943 433 3005 venerunt.
493 2927 592 3006 Haec
608 2926 685 3005 five
701 2925 927 3022 Salmafim,
948 2928 1022 3009 five
1037 2929 1205 3022 Μυῖα,
1220 2925 1282 3005 five

147 3038 323 3117 Viaccaea
339 3037 488 3143 sartago
505 3039 563 3131 fit,
579 3057 867 3147 praetereamus.
926 3041 1020 3120 Hoc
1033 3037 1129 3119 veri>
1142 3036 1284 3120 aliiari·

145 3149 335 3242 dendum,
368 3150 515 3229 Carolo
548 3151 836 3258 indignandum
869 3150 1047 3261 profecto
1082 3150 1155 3245 est,
1189 3147 1286 3261 quod

146 3260 267 3368 paulo
278 3261 379 3371 post,
391 3262 578 3356 neminem,
591 3264 660 3356 ait,
672 3265 804 3344 vivere
803 3264 1010 3371 filicitatis
1022 3264 1159 3346 Caroli
1151 3261 1288 3373 studu-

130 3373 283 3476 florem.
343 3376 479 3484 Qine
498 3376 664 3455 eandem
683 3395 723 3455 et
742 3375 986 3485 epistolandi,
1009 3394 1050 3456 et
1072 3371 1289 3457 excudendi

146 3512 309 3592 operam
330 3485 464 3566 Caroli
483 3483 658 3567 hostibus
679 3486 868 3581 detulisti,
893 3507 930 3567 te
950 3488 1048 3567 vivit
1067 3514 1192 3568 nemo
1208 3485 1291 3567 feli-

145 3596 274 3674 citatis
287 3595 368 3701 ejus
385 3597 613 3678 studiofior?
643 3599 839 3678 Miserum
852 3596 1029 3707 profecto
1043 3598 1143 3678 dicis
1159 3624 1290 3709 regem

147 3706 197 3785 fic
216 3706 266 3786 ab
284 3708 421 3787 amicis
441 3709 625 3789 omnibus
644 3711 892 3806 derelictum,
913 3729 958 3790 ut
966 3711 1047 3818 ‘qui
1065 3710 1204 3790 intimi
1222 3707 1292 3790 res

147 3834 243 3911 tant,
272 3818 320 3896 iis
339 3820 480 3928 Vappa
511 3821 781 3932 typographus
813 3849 1041 3931 comparare
1068 3819 1108 3902 se
1138 3823 1290 3903 audeat.

145 3928 434 4024 Miserrimum,
447 3931 558 4035 cujus
578 3933 834 4029 fideliffimus,
847 3934 1016 4014 Viaccus
1031 3933 1207 4043 perfidus
1221 3934 1294 4014 fide

144 4069 190 4122 ac
210 4040 338 4121 studio
352 4070 430 4121 non
446 4044 582 4125 cedat:
612 4064 696 4153 quo
707 4046 804 4153 quid
824 4045 1051 4127 insolentius
1066 4046 1117 4126 de
1130 4045 1188 4141 se,
1199 4072 1293 4128 con-

145 4155 333 4265 temptius
346 4154 395 4234 de
407 4183 498 4265 rege
512 4157 724 4264 amicisque
737 4158 854 4265 regiis
867 4157 1129 4267 pronunciare
1141 4158 1292 4268 potuit?

143 4296 272 4377 neque
284 4265 362 4348 hoc
375 4267 507 4349 minito
520 4270 748 4364 ridiculum,
765 4270 899 4350 induci
913 4270 1086 4350 Idiotam
1100 4289 1142 4352 ct
1156 4296 1294 4379 opera·

142 4383 247 4460 rium
259 4380 308 4459 de
325 4378 438 4459 rebus
453 4382 684 4488 gravissimis
700 4410 745 4462 ac
761 4383 879 4490 regiis
891 4383 1110 4464 vertutibus
1117 4381 1294 4465 Philoso-
