2888 5204
335 593 516 686 Contra
541 583 864 685 Alexandrum
891 591 1101 686 Momm.
1207 605 1287 711 3⁶3

135 762 265 870 queri,
291 779 332 843 ct
352 761 438 843 sum
456 788 532 870 ego
552 762 622 868 qui
641 760 886 842 elaboratum
906 761 1009 842 redte
1028 782 1145 872 atque
1172 763 1287 843 lima-

136 893 227 953 tum
246 873 373 982 siquid
392 875 463 967 est,
487 872 530 952 id
552 873 621 952 diu
646 875 835 954 accusasse
856 876 883 953 fi
903 874 1026 968 dicor,
1051 902 1130 955 non
1156 903 1288 982 repre-

135 983 397 1066 hendendum
440 1014 506 1065 me
541 986 667 1091 magis
700 982 822 1093 quam
861 987 1077 1095 Scriptores
1114 987 1288 1096 quosque

135 1097 314 1205 optimos
333 1115 487 1206 putem,
509 1097 581 1204 qui
600 1096 821 1177 tarditatem
841 1096 1033 1177 scribendi
1053 1099 1289 1207 imputatam

134 1208 210 1291 fibi
223 1205 246 1288 ὲ
259 1207 385 1289 sciolis
400 1207 516 1288 facile
528 1208 813 1317 contempsere,
832 1228 964 1288 tamen
978 1228 1018 1289 et
1032 1207 1109 1289 hoc
1124 1210 1199 1291 esse
1213 1211 1288 1292 fal-

134 1320 328 1401 fislimum
347 1348 397 1400 ex
411 1320 606 1429 prooemio
624 1319 832 1428 superioris
847 1321 940 1400 libri
957 1321 1205 1428 intelligitur,
1219 1325 1289 1404 ubi

132 1459 208 1512 cur
222 1428 414 1514 maturibs
428 1460 508 1513 non
524 1431 799 1540 respondissem
814 1432 970 1512 causam
987 1433 1153 1528 reddidi,
1168 1454 1207 1513 et
1222 1464 1286 1514 er-

135 1571 223 1625 rare
250 1561 288 1623 te
312 1542 569 1624 vehementer
592 1542 702 1637 scito,
727 1544 755 1622 fi
782 1545 911 1651 operis
938 1563 1019 1624 tam
1042 1545 1153 1623 ardui
1176 1544 1287 1626 fuisse

134 1654 265 1735 credis
288 1655 352 1735 vel
371 1656 529 1735 inanem
555 1653 772 1735 clamorem
798 1653 980 1749 refutare,
1008 1656 1070 1734 vel
1100 1674 1137 1734 te
1163 1659 1288 1738 cuivis

134 1765 361 1847 obnoxium
391 1762 505 1848 ludos
538 1764 679 1847 facere.
741 1767 832 1846 Nec
866 1765 968 1846 mihi
999 1786 1058 1847 tot
1091 1766 1288 1849 subcisivis

135 1875 291 1959 horulis
308 1877 411 1959 dalla
428 1879 495 1959 illa
508 1878 693 1971 Floralia,
713 1906 799 1986 qua
817 1906 946 1972 vocas,
963 1896 1062 1985 quot
1081 1880 1153 1958 tibi
1173 1880 1289 1960 furti-

133 1991 195 2070 vis
212 1989 441 2071 noctibusat
470 2019 518 2070 ue
529 1990 693 2070 dieculit
702 1987 917 2070 fattainaF
919 1989 1121 2070 escennina
1133 1991 1285 2073 stetere.

137 2104 194 2183 Et
206 2101 371 2210 periiffl’t
385 2019 486 2197 saul,
503 2100 569 2181 hsc
585 2103 693 2180 enim
710 2119 842 2181 tecum
858 2101 994 2195 sentio,
1011 2103 1204 2211 paradisus
1221 2105 1287 2184 ille

136 2233 293 2308 tuus,et
305 2212 401 2293 ficus
413 2232 454 2294 et
468 2242 602 2294 morus
617 2231 659 2293 et
669 2212 1057 2322 sycomorus,quibus
1069 2218 1287 2321 nequitiam

136 2344 265 2419 tuam,
296 2343 490 2433 quantum
518 2327 649 2434 potuit
675 2324 775 2417 sieri,
808 2323 968 2403 honeste
1000 2325 1287 2421 adumbratam,

136 2437 330 2544 quoniam
347 2436 435 2516 sunt
454 2438 523 2545 qui
542 2465 627 2516 rem
642 2437 765 2515 oeulis
781 2463 858 2514 non
875 2435 1010 2529 visam,
1023 2433 1167 2516 factam
1181 2440 1289 2518 credi

135 2548 282 2641 nolint,
299 2549 407 2629 istius
422 2547 653 2630 defensionis
667 2548 896 2627 inanitatem
912 2547 1055 2641 ridens,
1068 2550 1130 2628 vel
1149 2549 1287 2656 argute

136 2660 203 2738 vel
214 2661 477 2768 contemptim
492 2659 680 2769 exposui:
702 2658 912 2769 periissent,
929 2660 1106 2766 inquam,
1123 2661 1181 2739 illi
1197 2690 1287 2739 om-

138 2798 209 2851 nes
229 2798 308 2850 non
328 2770 415 2851 sane
436 2771 600 2865 flosculi,
622 2772 685 2851 sed
710 2771 933 2863 arbuscula,
959 2770 1030 2848 nifi
1050 2790 1092 2850 tu
1111 2773 1152 2851 in
1172 2769 1289 2852 horto

138 2880 361 2963 moechatus
380 2883 497 2963 esses:
529 2910 579 2962 ex
610 2882 779 2962 hortensi
806 2902 845 2961 et
872 2881 1088 2961 suburbana
1115 2884 1289 2963 cultione

138 3013 222 3088 tua,
244 3022 323 3074 non
341 3022 392 3072 ex
413 2994 630 3073 urbanitate
651 2995 739 3073 mest
761 2995 964 3073 amoenitas
992 2994 1061 3073 ista
1080 2997 1209 3075 omnis
1229 2993 1288 3075 ef-

138 3103 288 3186 floruit.
350 3105 474 3217 Qod
493 3125 625 3185 autem
642 3105 921 3215 insrantsticio
936 3106 1086 3214 Satyrae
1100 3109 1137 3186 in
1152 3125 1190 3185 te
1200 3137 1290 3188 meae

140 3217 248 3324 (quae
278 3243 357 3296 non
389 3217 517 3324 magis
545 3219 679 3323 Satyra
710 3217 779 3310 est,
812 3214 932 3325 qu¹am
959 3245 1045 3324 quae
1071 3218 1127 3297 est
1156 3219 1288 3298 Marci

140 3328 272 3408 Tullii
292 3331 333 3408 in
353 3329 563 3408 Vatinium
587 3329 768 3436 quemvis
794 3328 935 3432 oratio)
956 3346 1133 3437 tanquam
1150 3346 1291 3438 propy-

142 3441 254 3520 laeum
269 3440 386 3549 aperis
400 3439 541 3548 illustre
556 3440 734 3548 collacaffi’
750 3467 814 3518 me
827 3441 896 3532 ais,
909 3438 1000 3549 quid
1007 3443 1143 3519 Morus
1159 3442 1292 3520 Grac>

125 3551 335 3660 stgnfficet,
362 3548 502 3631 frustra
522 3572 564 3632 tu
585 3552 750 3659 quidem
771 3550 965 3660 propylaea
988 3550 1179 3644 somnias3
1210 3580 1289 3631 non

138 3667 196 3745 ita
223 3692 331 3743 eram
362 3664 497 3743 decori
523 3663 686 3757 nescius,
715 3682 758 3742 ut
785 3661 951 3741 sublime
984 3664 1198 3771 quicquam
1223 3682 1292 3744 aut

140 3777 338 3883 tragicum
364 3777 405 3854 in
431 3774 592 3855 historia
612 3794 678 3855 tua
695 3800 904 3881 ponerem:
936 3775 1025 3880 Ego
1047 3775 1291 3881 tuguriolum

140 3886 244 3968 illud
262 3905 378 3968 tuum
399 3888 439 3967 in
458 3885 588 3979 horto,
611 3905 654 3965 tu
671 3886 866 3965 Palatium
887 3883 986 3964 illud
1005 3905 1130 3979 vetus,
1151 3886 1191 3964 in
1211 3915 1292 3994 quo

141 3998 283 4097 hortus
303 3999 370 4078 ille
388 4017 484 4091 erat,
510 3996 662 4078 fortasse
681 3992 905 4103 cogitabas;
936 4016 975 4076 et
994 3997 1036 4076 in
1056 3998 1122 4076 illa
1141 3999 1292 4080 olitoris

140 4110 301 4204 cellula,
321 4107 427 4190 haud
451 4108 570 4189 dubie
592 4108 790 4188 Palatinus
812 4108 964 4188 adulter
990 4109 1064 4187 tibi
1085 4110 1291 4189 videbaris.

142 4221 193 4302 Id
209 4220 341 4331 ipsum
364 4239 498 4301 autern
520 4218 657 4300 Graect:
681 4219 895 4327 fignificare
919 4239 957 4299 te
982 4220 1066 4299 dixi
1090 4222 1196 4330 quod
1224 4223 1292 4301 etfi

140 4334 281 4442 lingua
309 4332 416 4412 nulla
446 4333 552 4425 esset,
582 4332 710 4440 reipsl
733 4351 770 4410 te
795 4332 869 4410 esse
896 4358 1000 4410 nunc
1023 4333 1127 4412 dico.
1187 4334 1293 4413 Illud

141 4463 277 4526 tamen
294 4445 535 4551 negaverim,
552 4445 705 4551 quoties
721 4461 758 4521 te
777 4462 844 4522 tuo
861 4444 1021 4522 nomine
1037 4445 1204 4523 Morum
1221 4473 1292 4551 ap-

140 4557 267 4666 pello,
303 4554 482 4636 invidiam
502 4585 559 4635 me
590 4556 698 4647 velle,
723 4554 830 4661 quod
861 4555 1049 4662 quereris,
1080 4583 1126 4632 ex
1156 4557 1294 4635 nomine

125 4669 284 4776 facere,
304 4687 345 4747 et
359 4668 529 4747 moriam
543 4666 617 4745 tibi
637 4665 830 4771 objicete;
852 4664 954 4745 mihi
968 4667 1076 4744 enim
1095 4666 1135 4744 id
1152 4663 1233 4744 fere
1251 4669 1292 4747 in

140 4798 322 4861 mentem
353 4806 432 4859 non
460 4779 595 4861 venit:
626 4777 690 4857 sed
726 4775 932 4858 Professori
969 4777 1113 4857 Graecae
1150 4776 1295 4885 lingua
