2888 5204
439 564 677 669 Defenfio.
713 560 834 706 Cap.
862 609 910 695 4.
967 563 974 569 ’
1196 576 1243 669 8ι’

108 747 216 827 uelum
228 744 280 827 ab
289 774 414 827 eorum
416 745 643 853 stcbjeblione
653 777 724 828 non
734 745 978 828 abducebant.
1040 748 1246 856 Curergd,

108 857 262 953 ¹celeste,
282 876 324 938 et
346 858 702 971 pseudopropheta,
724 859 919 987 populum
937 859 1248 967 Anglicanumd

108 970 165 1051 'uis
177 970 485 1079 magistratibus,
502 990 570 1052 tuo
583 971 656 1052 fint
667 971 760 1051 licet
769 971 922 1077 Judicio
935 969 1111 1064 rebelles,
1123 970 1246 1051 abdu-

108 1108 178 1162 ere
208 1083 389 1163 conaris?
447 1084 619 1190 Allegat,
646 1082 792 1190 inquis,
817 1083 1031 1188 Anglicani
1058 1083 1250 1164 latroctirii

108 1193 220 1289 haio,
221 1194 270 1301 st
280 1192 334 1274 ad
340 1193 384 1273 id
379 1193 520 1300 scelus,
526 1193 624 1304 quod
629 1213 707 1275 tam
718 1194 864 1303 affari>
861 1193 1038 1304 suscepit,
1048 1196 1160 1301 nescio
1171 1224 1246 1305 qua

108 1333 178 1387 voce
187 1304 335 1387 coelitrls
345 1305 449 1414 mssd
464 1304 760 1417 impulsossuiffe.
820 1302 1003 1387 Primum
1018 1306 1191 1388 delirasse
1206 1326 1246 1388 te

108 1413 187 1498 iim
205 1415 289 1498 haec
311 1416 494 1499 scriberes
514 1416 629 1528 plane
648 1419 780 1510 vide0,
802 1445 929 1525 neque
953 1418 1096 1499 mentis
1116 1447 1245 1527 neque

108 1529 295 1611 atinitatie
314 1550 543 1638 compotem
562 1529 649 1610 satis
669 1527 805 1610 fuiffe:
836 1529 977 1609 deinde
992 1530 1146 1637 Anglos
1167 1529 1244 1612 hoc

108 1668 269 1751 inquam
285 1640 479 1749 allegaffe,
494 1642 543 1721 de
555 1642 771 1721 innumeris
783 1643 997 1721 mendaciis
1014 1661 1054 1721 et
1071 1641 1245 1751 figmen-

108 1755 232 1835 iatuis
246 1753 303 1834 est
318 1781 456 1836 unum.
515 1755 589 1833 Sed
605 1780 728 1863 pergo
747 1754 941 1864 exemplis
957 1770 1089 1833 tecum
1108 1781 1240 1862 agere;

108 1862 219 1947 :alna
235 1864 344 1946 Urbs
363 1865 592 1946 validiffima
611 1865 660 1944 ab
676 1866 838 1970 Joramo
857 1893 949 1974 rege
971 1863 1130 1960 defecit,
1151 1870 1244 1975 quia

108 1977 354 2087 lereliquerat
372 1977 533 2073 Deum;
564 1975 710 2058 defecit
730 1976 826 2084 ergo
846 2005 929 2072 rex,
951 2005 1027 2057 non
1049 1978 1140 2058 urbs
1160 1980 1241 2074 illa,

108 2088 714 2227 requedesedtioneistdnptatum
737 2088 1042 2196 se'dfiadjeetam
1050 2094 1243 2172 rationem

108 2201 1244 2422 ffilztllllllzllsssllllil‘nllltllllltl

108 2427 253 2536 luentia
271 2427 456 2537 policitus
474 2453 530 2520 es,
551 2426 744 2536 exemplis
765 2445 803 2505 te
828 2425 1031 2506 nobiscum
1058 2444 1141 2506 toto
1165 2424 1242 2507 hoc

108 2540 217 2651 apite
236 2539 541 2632 decertaturum,
562 2534 658 2618 clun
677 2537 860 2647 exempla
879 2539 959 2647 ipse
980 2537 1086 2616 nulla
1105 2559 1243 2648 praeter

108 2679 218 2732 ueras
231 2652 474 2760 negationes,
484 2678 653 2758 quarum
667 2650 774 2730 nulla
785 2651 842 2730 vis
852 2650 964 2730 estad
979 2649 1241 2758 probandum,
1259 2725 1262 2735 .

108 2761 229 2843 fferre
242 2763 375 2872 poffis:
404 2791 475 2842 nos
486 2790 572 2871 quae
583 2781 688 2842 certa
704 2780 744 2841 et
757 2760 877 2842 solida
894 2762 1111 2856 attulimus,
1125 2790 1242 2870 negas

108 2876 380 2985 nexemplum
401 2873 501 2955 trahi
521 2874 695 2954 debere?
750 2875 853 2984 Qis
874 2894 911 2953 te
932 2872 1008 2954 hoc
1028 2876 1148 2955 modo
1164 2875 1243 2955 dis·

108 3005 296 3069 sutantem
320 3014 399 3067 non
418 2986 629 3096 explodat?
689 2986 908 3066 Provocasti
929 3013 998 3066 nos
1022 2987 1240 3094 exemplis3

108 3098 541 3209 memplaprotulimum
568 3097 665 3206 quid
681 3117 723 3177 tu
735 3097 781 3176 ad
795 3096 898 3179 haec?
919 3098 1192 3206 tergiversaris,
1203 3119 1243 3178 et

108 3210 321 3292 liverticula
332 3212 490 3319 quaeris;
516 3210 745 3319 progredior
758 3209 902 3318 itaque.
953 3208 1060 3316 Jehu
1074 3208 1243 3318 regema

108 3320 291 3434 ’copheta
302 3322 425 3430 jussus
439 3323 601 3417 occidit,
614 3323 733 3402 etiam
749 3321 969 3403 Achaziam
981 3322 1094 3402 suum
1107 3349 1242 3430 regem

108 3436 320 3544 egitimum
330 3435 593 3517 occidendum
605 3435 769 3514 curavit.
812 3435 850 3513 Si
867 3434 1046 3514 noluiffet
1056 3436 1167 3514 Deus
1180 3455 1241 3543 ty-

108 3575 260 3629 sonum
272 3549 447 3628 interimi
461 3544 578 3627 acive
592 3546 619 3625 s1
634 3547 804 3655 impium
820 3544 948 3639 hoc,s1
961 3546 1055 3625 mali
1067 3547 1242 3656 exempli

108 3656 237 3752 niffet,
247 3686 320 3741 cur
324 3657 432 3764 juffit
444 3658 550 3738 fieri?
572 3657 1240 3763 fijuffit,certdlicitumdaudabile,

108 3770 321 3853 rraeclarum
339 3768 430 3850 suit.
489 3771 585 3851 Non
606 3789 737 3850 tamen
753 3788 963 3879 tyrannum
978 3771 1136 3879 perimi,
1149 3772 1243 3878 quia

108 3881 332 3989 kmjuffit,
347 3881 493 3963 idcirco
504 3881 655 3963 bonum
665 3900 746 3962 erat
758 3901 797 3962 et
807 3881 977 3975 licitum,
988 3880 1052 3961 sed
1064 3882 1156 3990 quia
1167 3882 1241 3963 bo-

108 4023 191 4077 rum
203 4013 244 4075 et
255 3993 426 4089 licitum,
438 4013 534 4087 erat,
546 3994 694 4074 idcirco
707 3995 818 4074 Deus
826 3994 949 4101 juffit.
986 3995 1078 4099 Jam
1091 3993 1241 4105 septem

108 4133 212 4187 onos
229 4124 457 4214 regnantem
479 4104 683 4187 Athaliam
706 4104 898 4211 Jehoiada
922 4104 1096 4187 sacerdos
1118 4134 1240 4214 regno

108 4218 285 4299 rellereet
296 4219 488 4299 trucidare
500 4246 579 4300 non
592 4217 647 4297 est
659 4218 818 4297 veritus.
849 4221 911 4298 At
919 4220 1239 4328 regnuminquis,

108 4360 160 4411 un
168 4329 254 4436 fibi
272 4328 430 4411 debitum
442 4329 531 4438 stem
545 4329 668 4437 strat.
730 4332 876 4410 Annon
902 4329 1088 4411 Tiberius
1113 4330 1241 4411 multo

108 4441 224 4525 vostea
236 4440 426 4552 inperium
436 4442 491 4524 ad
519 4473 537 4525 e
554 4442 652 4522 nihil
659 4441 876 4551 pertinens?
906 4442 965 4521 illi
981 4461 1127 4535 tamen,
1143 4462 1184 4522 et
1198 4443 1239 4522 id

108 4582 215 4659 ‚enus
233 4556 404 4663 tyrannis
423 4556 524 4649 aliis,
543 4583 594 4634 ex
613 4555 789 4635 dodlrina
809 4553 956 4634 Christi
975 4554 1241 4635 obediendum

108 4663 291 4777 :ffesuprd
304 4666 542 4749 affirmabas:
573 4665 785 4746 ridiculum
791 4664 906 4776 pland
914 4666 1020 4759 effer,
1033 4665 1239 4776 srpotesta-

108 4808 173 4861 em
187 4778 341 4889 regiam
351 4806 430 4861 non
442 4778 516 4885 rite
528 4779 716 4889 adeptum
731 4779 949 4861 interficere
962 4777 1111 4872 liceret,
1124 4776 1250 4889 pelli-¹

146 4916 176 4995 4
352 4964 356 4969 .
657 4915 685 4969 o
