2888 5204
148 196 226 301 396
394 168 619 273 Authoris
644 211 730 308 pro
754 173 799 270 se
826 171 1053 272 Defensio
1106 244 1109 249 ·

145 375 223 435 tate
236 375 276 435 et
294 353 601 448 affensu,1mmo
615 352 792 463 plurium
812 351 942 433 adhuc
961 351 1158 433 scelerum
1172 352 1293 433 acces·

146 467 249 548 lione
269 468 487 548 luculenter
505 466 647 577 poffint
665 463 921 545 corroborari.

204 582 258 659 Et
278 578 391 659 infra.
453 578 600 658 Credas
624 576 746 656 velim
777 578 847 655 vix
875 577 1008 657 ιιΙΙιιιιι
1038 574 1107 657 hic
1138 575 1293 685 reperiri

143 692 330 800 amplius,
350 692 418 770 ubi
434 691 580 770 multos
599 716 719 768 annos
739 689 900 796 publico
920 717 1103 783 munere,
1119 687 1187 768 sed
1204 714 1291 767 cum

149 802 303 882 summo
342 801 458 907 hujus
491 801 672 882 Ecclefiae
711 800 901 880 dedecore
934 799 1100 881 functus
1130 800 1202 893 est,
1228 798 1291 908 qui

148 915 345 1023 prostituti
364 915 525 1024 pudoris
548 911 704 993 homini
724 913 988 1022 patrocinium
1011 913 1129 993 suurn
1148 911 1212 992 vel
1226 939 1290 990 au-

148 1027 238 1106 deat
256 1028 317 1106 vel
338 1025 519 1106 sustineat
538 1025 707 1135 amplius
726 1025 994 1106 commodare.

204 1243 281 1321 Hae
301 1238 388 1319 sunt
406 1268 545 1319 eorum
564 1267 692 1333 vocer,
711 1241 786 1347 qui
802 1239 1038 1349 penitiffime
1059 1260 1099 1321 te
1124 1240 1289 1321 norunt:

148 1380 269 1461 quam
291 1370 449 1460 turpem
470 1354 529 1433 tui
553 1353 790 1431 memoriam
806 1353 976 1432 Genevae
1002 1352 1226 1462 reliqueris,
1240 1348 1292 1432 he

146 1465 279 1557 literae,
300 1464 460 1571 aliaeque
480 1463 579 1543 bene
596 1464 729 1542 multae
749 1462 776 1542 fi
796 1463 1078 1604 proferrentur,
1098 1466 1289 1545 docerent

149 1578 294 1656 Nunc
284 1602 324 1653 ιιι
339 1575 479 1681 Belgio
492 1574 653 1683 aliisque
665 1575 761 1656 locis
772 1602 851 1683 qua
831 1574 970 1656 fama
981 1576 1151 1686 linquo
1131 1570 1292 1684 mpretii

147 1685 349 1794 cognosce
410 1688 499 1766 Viri
502 1687 790 1816 ..probatiffimi
796 1685 948 1796 tibique
968 1689 1052 1768 noti
1069 1716 1151 1768 non
1170 1688 1291 1767 literas

148 1796 291 1892 solum,
312 1796 579 1905 sedquoniam
595 1798 662 1878 abs
678 1819 716 1878 te
732 1797 840 1908 prius
859 1800 1100 1894 nominatus,
1118 1799 1266 1909 idque
1256 1825 1292 1877 ιιι

148 1930 215 1990 tua
233 1909 359 2003 causa,
383 1928 500 2019 atque
520 1911 698 1992 laudatus
720 1910 792 2004 est,
818 1939 964 1991 nomen
982 1937 1145 2040 quoque
1168 1912 1289 1991 edam.

149 2024 188 2102 ls
205 2022 313 2102 est
276 2051 335 2101 vir
351 2022 596 2130 graviffimus
612 2023 783 2127 Joannes
799 2024 989 2117 Duraeus;
1020 2052 1092 2130 qur
1080 2024 1209 2104 dum
1220 2024 1290 2103 Ot-

149 2137 234 2215 toni
253 2134 331 2215 sola
351 2134 427 2214 fide
444 2135 560 2215 nixus
579 2136 794 2243 interponit
813 2134 865 2229 se,
886 2130 1127 2243 mecumque
1142 2136 1240 2242 agit,
1253 2152 1292 2213 ut

147 2249 401 2326 innocentem
418 2266 455 2327 te
467 2246 613 2326 scilicet
624 2246 783 2325 milium
796 2245 981 2340 facerem,
988 2274 1068 2327 non
1080 2247 1210 2356 potest
1219 2272 1291 2327 non
1333 2252 1335 2257 '

148 2358 260 2438 fateri
282 2358 395 2438 fimul
419 2355 541 2467 quim
561 2358 678 2465 longe
704 2358 780 2438 alia
802 2359 852 2438 de
876 2378 914 2438 te
937 2376 1170 2439 caeterorum
1190 2355 1290 2469 paene

147 2471 330 2549 omnium
350 2470 604 2563 existimatio,
628 2466 803 2578 alitisque
823 2470 948 2550 sermo
968 2471 1027 2550 fit.

261 2701 324 2776 Ex
340 2698 485 2777 Literis
500 2699 647 2778 Duraer’
658 2699 766 2804 Basti
761 2727 818 2792 ea,
842 2696 973 2779 octob.
998 2725 1036 2804 3.
1062 2699 1185 2806 1654.

204 2860 326 2971 Qod
342 2861 390 2939 ad
412 2860 523 2939 Mori
541 2861 636 2939 vitia
651 2850 1027 2971 improbitatemque
1047 2862 1205 2956 attinet,
1219 2887 1290 2941 non

146 2975 301 3053 videtur
319 2974 492 3052 Ottonus
515 2973 568 3051 ita
594 2973 642 3051 de
668 3001 714 3052 eo
740 2973 903 3052 sentire:
937 2972 1013 3052 scio
1041 2992 1176 3052 tamen
1204 2973 1290 3054 alios
1333 3048 1335 3075 ,

146 3083 306 3194 ρειῖιιιιὲ
326 3087 373 3163 de
390 3114 437 3164 eo
458 3085 582 3192 loqui,
604 3112 741 3165 manus
761 3086 842 3191 ejus
861 3086 901 3162 in
920 3113 1057 3164 omnes
1076 3084 1196 3194 pene,
1212 3112 1290 3164 ma·
1333 3078 1335 3095 '

146 3225 218 3276 nus
242 3198 425 3276 omnium
457 3196 497 3274 in
525 3224 617 3275 eum
645 3195 733 3289 effe,
757 3195 961 3305 plerosque
989 3198 1110 3277 etiam
1135 3197 1291 3277 Gallica

147 3309 292 3416 Synodi
312 3308 508 3388 ministros
528 3308 618 3387 dare
640 3337 801 3418 operam
831 3328 876 3386 ut
904 3337 941 3386 er
930 3306 1126 3389 Pastoris
1155 3334 1291 3389 munus

145 3421 368 3528 abrogetur.
429 3421 575 3528 Neque
596 3417 662 3499 htc
682 3419 800 3499 aliam
821 3420 975 3499 Bafileae
999 3420 1156 3530 reperio
1183 3422 1232 3501 de
1250 3446 1291 3499 eo

146 3531 358 3610 hominum
371 3533 616 3640 opinionem,
632 3560 752 3641 quam
765 3559 850 3641 quae
871 3533 912 3610 in
930 3532 1071 3641 Belgio
1087 3533 1144 3612 est
1159 3558 1291 3614 eorum

144 3644 214 3751 qui
234 3671 327 3721 eum
347 3642 514 3723 minime
534 3663 678 3726 amant.

203 3831 241 3907 Ο
258 3828 470 3937 pulchrum
488 3829 688 3934 elogium!
719 3857 800 3939 quo
817 3848 858 3908 tu
872 3830 1054 3909 omnium
1027 3828 1172 3966 pene
1191 3857 1293 3911 mor·

143 3943 283 4022 talium
297 3942 448 4046 judicio
465 3940 619 4019 Ismaeli
640 3940 740 4021 hosti
756 3942 952 4035 Ecclesrae,
968 3968 1089 4049 quam
1107 3942 1292 4022 Ministro

142 4057 247 4164 pacis
260 4074 299 4133 et
314 4052 522 4160 Evangelii
538 4052 700 4133 slmilior
712 4054 913 4160 judicaris.
973 4054 1098 4132 Hunc
1114 4071 1192 4134 tuae
1208 4054 1292 4135 ubi·

141 4196 218 4276 que
239 4166 420 4274 gentium
440 4163 737 4245 existimationis
758 4166 934 4246 testem
922 4166 1246 4273 integerrimum,
1267 4165 1292 4244 fi

142 4299 267 4388 potes,
289 4277 417 4382 rejice.
477 4275 589 4356 Mihi
616 4278 891 4358 credulitatem
917 4277 1045 4357 deline
1073 4277 1268 4384 objectate

142 4395 258 4472 Nemo
276 4419 405 4484 omnes,
423 4389 594 4489 neminem
613 4419 730 4470 omnes
735 4389 860 4498 sefe
854 4408 968 4472 erunt
990 4408 1058 4471 tua
1084 4390 1161 4472 tibi
1180 4389 1295 4472 verba
