2888 5204
240 204 323 279 400
491 159 717 257 Authoris
741 196 828 292 pro
852 156 896 253 se
922 153 1149 253 Defensio

240 341 347 437 dico,
362 337 476 418 hasce
491 339 636 431 literas,
647 337 757 445 quod
770 337 880 414 idem
890 337 940 414 de
955 335 1078 415 literis
1090 332 1378 415 reverendiffini
1414 346 1431 389 s

240 453 317 530 viri
336 452 502 555 Joannis
522 451 697 531 Deodati
722 448 780 527 est
804 448 1035 541 dicendum,
1053 468 1148 526 ante
1168 447 1378 526 sexennium
1415 450 1435 501 ³

231 562 362 657 datas,
375 563 512 641 multis
532 563 663 672 postea
682 558 888 639 maleficiis
903 560 954 638 ab
972 560 1058 668 ipso
1070 560 1200 638 Moru
1217 560 1379 638 oblitera-
1415 564 1435 613 Ξ

242 694 300 754 tas
319 674 565 783 jampridem
591 675 665 754 etse
692 692 733 751 et
758 674 992 779 antiquatas.
1052 672 1259 750 Nondum
1278 672 1379 749 incrt-
1416 646 1435 725 l

242 786 382 865 buerat
396 786 581 878 Claudia,
595 784 774 866 nondum
792 782 946 875 hortus,
958 802 1001 862 et
1018 784 1102 874 illa,
1123 784 1174 861 ad
1189 782 1378 861 Claudiam

242 896 371 977 nescio
391 925 556 977 ancum
576 896 758 990 Claudia,
779 896 893 976 Mori
912 895 1131 975 suaviffima
1149 892 1378 975 cohortatio:
1419 902 1435 943 r

694 1060 813 1139 Poma
829 1056 918 1139 alba
921 1054 1096 1167 serebat,

467 1172 549 1281 Qi
555 1169 635 1280 post
653 1170 766 1279 mgra
784 1170 875 1250 tulit
893 1172 1057 1251 Morus.-

245 1346 292 1426 ld
311 1347 419 1457 quod
440 1346 535 1425 viris
555 1343 816 1453 proculdubio
835 1343 1101 1449 integerrimis
1118 1362 1163 1422 et
1181 1340 1383 1424 honestillt
1426 1323 1435 1397 5

243 1460 335 1551 mis,
356 1457 499 1538 harum
519 1457 721 1536 literarum
742 1454 1079 1563 subscriptoribus,
1097 1457 1202 1563 quin
1222 1454 1383 1566 imposu-
1426 1462 1435 1509 ῑ

243 1572 319 1647 erit
349 1596 427 1648 non
453 1568 607 1648 dubito.
667 1569 726 1647 At
754 1567 963 1676 postquam
993 1567 1061 1646 illa
1090 1594 1189 1647 cnm
1215 1570 1385 1657 muliere,
1428 1568 1435 1666 ἶ

245 1679 380 1788 primo
405 1679 562 1771 ancilla,
582 1679 725 1759 deinde
749 1699 886 1788 nupta,
911 1679 1103 1757 occultari
1128 1678 1285 1760 diutibs
1310 1704 1389 1759 cou-
1430 1684 1434 1729 ¹

245 1791 408 1872 suetudo
427 1791 536 1871 istius
557 1790 704 1872 nefaria
724 1818 803 1870 non
822 1793 968 1900 potuit,
986 1789 1110 1870 fastus
1129 1792 1282 1871 itemm
1300 1816 1390 1881 reus,

243 1902 339 1985 clun
355 1901 558 1984 honestam
575 1906 768 1983 rationem
783 1901 1021 1981 defendendi
1041 1902 1099 1981 sui
1118 1903 1278 1983 nullam
1293 1904 1393 1982 inve·

245 2018 361 2110 niret,
382 2034 422 2096 et
450 2014 665 2095 manifestis
691 2017 733 2094 in
761 2013 876 2094 rebus
901 2033 1114 2106 teneretur,
1142 2012 1292 2095 fractus
1314 2014 1392 2120 jam

246 2129 394 2222 animo,
415 2145 533 2236 atque
559 2128 598 2206 id
622 2125 798 2206 maxime
817 2128 978 2219 veritus,
999 2127 1027 2205 fi
1046 2126 1251 2232 judicium
1277 2124 1395 2215 fieret,

246 2241 394 2349 nequid
415 2240 514 2319 inse
534 2239 690 2346 gravius
715 2237 993 2332 consuleretur,
1013 2264 1095 2347 quo
1118 2238 1205 2347 ipso
1223 2238 1292 2317 die
1308 2264 1396 2346 pro-

247 2352 468 2432 nuncianda
483 2352 532 2430 de
552 2350 588 2429 se
604 2348 791 2430 sententia
804 2349 1138 2457 Presbyterum,
1151 2350 1296 2430 deinde
1305 2350 1396 2428 Ma-

247 2464 485 2571 gistratuum
497 2482 594 2556 erat,
606 2460 806 2566 judicium
819 2462 1003 2555 declinat,
1015 2462 1220 2541 licentiam
1231 2459 1395 2541 abeundi

247 2576 360 2683 petit.
421 2572 487 2653 llli
507 2573 769 2653 necessitatem
790 2571 891 2653 hanc
910 2573 984 2652 rati
1004 2572 1040 2651 se
1060 2570 1137 2651 hoc
1158 2574 1283 2653 modo
1299 2570 1395 2653 effis-

246 2684 355 2793 gisle,
375 2712 497 2792 quam
518 2686 742 2794 impositam
762 2685 831 2765 fibi
851 2683 1019 2765 minime
1037 2684 1237 2778 volebant,
1257 2703 1302 2764 ut
1319 2684 1395 2763 Ec-

246 2797 368 2876 clefiae
387 2797 621 2876 Ministrum
642 2816 841 2877 tantorum
868 2796 1058 2876 scelerum
1077 2798 1281 2889 damnare,
1301 2796 1398 2874 etin

248 2908 410 2990 homine
431 2909 700 2989 Ecclesiastico
727 2929 809 2988 tam
835 2907 941 2988 triste
968 2908 1202 3018 exemplum
1230 2907 1399 2986 statuere

247 3039 494 3130 cogerentur,
517 3020 683 3100 libenter
708 3019 903 3100 assensere.
964 3021 1070 3099 Petit
1091 3021 1249 3129 insuper
1269 3018 1400 3098 literas

246 3133 605 3242 impudentissimus
643 3129 765 3212 homo
799 3132 1153 3211 commendatitias.
1225 3130 1273 3209 ld
1308 3129 1402 3210 verb

247 3246 440 3354 postulare
470 3244 518 3322 ab
546 3243 747 3350 judicibus
775 3244 851 3324 suis
880 3271 994 3323 reum
1023 3241 1186 3350 indigne
1214 3240 1400 3335 ferentes,

246 3355 404 3466 prorsus
416 3355 614 3436 recusant:
646 3357 699 3434 ita
711 3355 835 3435 bonus
851 3355 918 3435 ille
935 3355 1156 3435 tabellarius
1168 3380 1400 3463 permanere

248 3469 326 3548 fine
347 3469 469 3548 literis
488 3468 556 3546 illa
575 3469 615 3545 in
636 3466 747 3561 urbe,
763 3470 873 3546 omni
890 3494 1053 3547 munere
1068 3486 1226 3559 exutus,
1240 3467 1400 3546 circiter

246 3581 387 3659 decem
405 3579 552 3658 menses
572 3583 728 3659 coaetus
747 3579 828 3658 est:
859 3579 998 3659 Etesiis
1022 3579 1140 3659 credo
1166 3577 1398 3670 sacrificans,

248 3709 292 3769 ut
311 3691 485 3798 aliquam
502 3690 637 3770 saltem
652 3719 789 3771 auram
803 3691 1168 3771 commendatitiam
1183 3691 1396 3800 impetrare

245 3799 379 3909 aliqub
396 3801 539 3909 pollet:
572 3804 714 3882 Donec
729 3803 846 3882 multi
862 3804 1074 3911 graviffimi
1085 3804 1158 3882 viri
1173 3828 1224 3882 ne
1241 3830 1395 3884 moram

247 3912 411 4022 quidem
431 3911 512 4014 ejus
540 3913 607 3993 illa
632 3916 671 3994 in
697 3914 792 3994 urbe
818 3913 1019 3993 ferendam
1050 3916 1137 4007 rati,
1157 3914 1289 3994 rursus
1317 3941 1395 3995 rem

246 4026 438 4106 adducere
458 4026 499 4103 in
516 4023 717 4129 judicium
736 4045 953 4134 coeperunt.
1015 4026 1061 4105 ld
1079 4046 1214 4105 autem
1233 4023 1332 4106 edm
1351 4025 1395 4105 ad

245 4164 364 4218 novas
383 4136 483 4231 lites,
501 4154 554 4230 et,
571 4156 616 4217 ut
632 4137 859 4246 supradixi,
876 4136 1132 4217 offensionem
1148 4136 1397 4218 infirmorum

248 4251 416 4359 spestare
431 4249 643 4343 videretur,
657 4248 871 4329 consultius
888 4248 1048 4328 tandem
1067 4249 1194 4329 visum
1213 4249 1283 4342 est,
1296 4278 1396 4359 quo-

246 4389 326 4470 quo
351 4361 471 4441 modo
497 4358 704 4441 hominem
730 4361 934 4468 ablegare:
976 4360 1105 4445 rursus
1138 4361 1273 4470 itaque
1306 4362 1396 4441 dant
