2888 5204
152 188 228 271 268
427 177 517 271 Pro
544 172 729 309 Populo
755 171 1026 306 Anglicano

150 410 153 415 -
235 349 298 430 Te}
317 343 378 429 uui
396 347 427 428 oi
443 348 553 454 ’γῆρας
566 345 628 457 μὲν
645 345 704 430 iuri
722 343 849 444 ὃηναιδν
866 345 991 432 ἴαλλεν

227 462 294 543 ‘Eu
310 456 341 540 δ’
356 457 450 561 ἕλετ’
468 458 656 570 ἅφθαλμῶν
673 458 838 568 γλυκερδν
854 457 959 562 φάος.

233 673 347 687 --·-
364 652 478 736 neque
495 624 545 734 est
561 625 703 707 uetitus
716 625 855 735 Jouem
874 626 989 738 ipstum

237 737 360 818 Edeus
376 738 567 818 veraciter
582 755 735 818 mentem
753 737 919 819 diuinum
936 728 1166 821 homiuibus:

231 852 360 958 Quare
378 847 608 956 etJinetiam
626 848 663 930 ei
676 849 893 931 diuturnam
911 848 1028 947 dedr't,

236 961 393 1071 Eripuit
409 979 532 1042 autem
550 962 735 1044 oculorum
753 962 857 1045 dulce
875 962 1010 1045 lumen.

151 1139 350 1218 Caeterum
370 1136 482 1216 Deus
501 1152 542 1216 et
564 1133 644 1246 ipse
667 1137 808 1218 veritas
833 1136 914 1219 est:
944 1137 987 1217 in
1008 1164 1091 1247 qua
1116 1133 1278 1218 homines

150 1249 347 1331 edocenda
375 1246 457 1360 qul>
482 1249 570 1356 quis
589 1249 763 1330 veracior
787 1247 836 1330 eo
863 1246 1026 1331 limilior
1044 1251 1139 1330 Deo
1155 1276 1278 1359 accep·

149 1363 304 1471 tiorque
330 1359 390 1455 fit,
417 1377 586 1470 oportet.
645 1361 755 1442 Non*
773 1361 829 1441 est
854 1362 970 1471 pium
990 1362 1168 1443 veritatis
1195 1360 1279 1441 iovi

150 1473 311 1554 dentem
330 1473 468 1552 Deum
487 1472 668 1568 credere3
698 1491 767 1554 aut
789 1473 895 1555 nolle
919 1472 1149 1554 hominibus
1175 1468 1278 1584 quim

148 1581 348 1665 liberrime
363 1585 419 1664 im
449 1585 631 1665 ertitam:
664 1583 733 1663 Ob
748 1585 900 1665 nullam
916 1587 1039 1696 igitur
1053 1611 1216 1678 noxam,
1226 1584 1280 1664 tli··

148 1696 261 1776 vinus
274 1697 347 1788 vir,
360 1714 400 1775 et
415 1613 581 1775 iiumani
595 1697 748 1805 generis
766 1698 970 1779 erudiendi
986 1696 1276 1787 studioliffimus.

150 1826 194 1888 ut
213 1804 540 1916 philosophorum
560 1810 681 1887 etiam
700 1810 939 1919 complures,
953 1808 1117 1890 mruiffe
1132 1806 1278 1889 lumini·

148 1919 221 1999 bus
234 1920 402 2000 videtur.
461 1920 550 1999 Sive
565 1919 654 2000 illos
667 1948 982 2003 commemorem
996 1920 1107 2001 civili
1122 1920 1279 2030 prudeu-

146 2031 215 2125 tia,
235 2029 428 2139 gestisque
447 2030 562 2111 rebus
580 2031 827 2112 admirabiles
846 2034 945 2114 olim
963 2032 1092 2130 viros3
1118 2027 1277 2145 primitm

148 2144 446 2223 Timoleontem
460 2141 733 2238 Corinthium,
749 2163 790 2224 et
807 2145 975 2226 civitatis
994 2144 1083 2239 suae,
1099 2164 1143 2226 et
1154 2142 1277 2225 Sicilie

148 2256 268 2336 totius
288 2253 562 2351 liberatorem3
583 2282 665 2363 quo
683 2256 814 2336 virum
829 2258 1053 2352 meliorem,
1065 2274 1137 2339 aut
1154 2257 1197 2337 in
1209 2256 1278 2336 Ro·

25 2383 33 2398 ⁰
148 2366 308 2474 publica
333 2365 563 2447 sanctiorem
592 2368 700 2448 nulla
727 2386 815 2448 aetas
845 2369 959 2465 tulit3
993 2387 1083 2451 tum
1111 2369 1278 2479 Appium

150 2478 380 2571 Claudium,
394 2477 504 2584 cujus
520 2479 560 2558 in
576 2480 719 2559 Senatu
762 2479 870 2561 ulcre
881 2482 984 2562 dicta
995 2479 1199 2576 sententia,
1211 2479 1278 2560 lta·

147 2589 242 2669 liam
258 2588 426 2698 Pyrrho,
446 2590 556 2698 gravi
576 2588 700 2687 hoste,
720 2507 888 2702 seipsum
906 2593 1079 2673 cecitate
1098 2620 1179 2674 non
1193 2590 1277 2671 libe·

141 2700 267 2796 'ravit3
290 2720 376 2781 tum
391 2702 598 2782 Caecilium
619 2703 834 2784 Metellum
855 2704 1108 2800 Pontificem,
1122 2705 1193 2814 qui
1211 2726 1276 2785 non

148 2813 287 2893 urbem
307 2811 447 2912 solum,
470 2813 535 2894 sed
558 2834 598 2895 et
617 2812 743 2896 fatum
762 2815 868 2898 urbis
888 2815 1137 2911 Palladium
1165 2834 1205 2896 et
1220 2840 1279 2926 pc·
1312 2858 1315 2893 ÷

147 2927 333 3006 nitiffima
351 2926 453 3006 sacra
471 2926 569 3006 dum
587 2925 637 3006 ab
655 2927 837 3009 incendio
857 2928 1033 3025 servavit,
1054 2928 1144 3011 suos
1160 2927 1279 3010 oculos

148 3039 343 3148 perdidit;
376 3066 605 3147 quanquam
638 3039 732 3119 alifis
762 3039 868 3121 certe
899 3042 1012 3122 Deus
1044 3041 1184 3151 pietati
1210 3059 1279 3121 tam

145 3152 312 3259 egregiae
338 3148 467 3230 favere
493 3150 546 3243 se,
576 3150 697 3230 etiam
721 3151 822 3232 inter
846 3170 996 3261 gentes,
1026 3152 1188 3235 testatus
1209 3150 1279 3232 est:

144 3263 253 3370 quod
277 3260 345 3342 tali
370 3263 492 3370 igitur
509 3261 595 3342 viro
619 3262 688 3343 usu
712 3262 833 3357 venit,
858 3265 1088 3373 ponendum
1110 3266 1156 3347 in
1181 3262 1280 3347 malit

144 3375 220 3454 elie
238 3377 308 3454 vix
327 3393 480 3484 putem.
541 3374 652 3484 Qid
673 3375 768 3455 alios
785 3375 1047 3457 recentiorum
1063 3395 1279 3486 temporum

144 3487 373 3593 adjungam,
389 3486 452 3565 vel
468 3486 583 3566 illum
604 3486 862 3568 Venetiatum
878 3488 1108 3598 Principem
1123 3488 1281 3570 Dandu-

144 3598 229 3676 lum
250 3595 367 3705 longe
386 3599 568 3678 omnium
589 3597 954 3705 praestantiffimum,
969 3599 1032 3680 vel
1047 3601 1281 3682 Boemorum

144 3709 300 3791 Ziscam
320 3710 464 3789 ducem
480 3709 746 3804 fortiffimum,
763 3709 991 3793 orthodoxae
1005 3711 1099 3793 fidei
1113 3736 1282 3824 propug-

145 3840 337 3901 natorem.
397 3822 509 3949 Qid
532 3821 678 3901 summi
702 3822 1126 3933 nominis-Theologos
1142 3826 1284 3906 Hiero·

144 3961 312 4040 nymum
319 3931 849 4042 Zanchtum,nonnullosque
861 3936 985 4016 alios?
1004 3964 1100 4017 cum
1112 3955 1156 4018 et
1165 3938 1284 4050 ipsum

145 4047 321 4126 Isaacum
335 4043 616 4139 Patriarcham,
631 4073 713 4154 quo
728 4073 847 4127 nemo
866 4075 1043 4156 unquam
1061 4051 1284 4131 mortalium

144 4161 235 4239 Deo
254 4157 408 4238 charior
428 4156 520 4250 fuit,
540 4184 660 4238 annos
681 4156 786 4238 haud
805 4187 965 4269 paucos,
985 4186 1137 4242 caecum
1155 4158 1284 4242 vixilie

140 4271 302 4365 constet,
326 4270 478 4379 aliquot
498 4267 664 4364 fortaffe,
685 4270 882 4374 Jacobum
902 4273 1023 4352 etiarn
1043 4271 1127 4378 ejus
1148 4273 1283 4365 filium,

141 4403 181 4464 et
204 4383 332 4494 ipsum
357 4384 448 4463 Deo
472 4380 576 4462 haud
601 4382 731 4464 minus
755 4384 971 4465 dilectum:
1002 4412 1099 4467 cum
1122 4386 1284 4497 denique
