2888 5204
148 223 204 298 44
428 187 517 276 Pro
546 179 728 313 Populo
755 179 1021 310 Anglicano

148 358 207 437 dit
220 360 369 466 Papam
381 358 547 437 ecclesrae
559 359 598 435 in
611 358 825 453 bonum,et
838 376 1025 464 tanquam
1038 381 1123 431 rem
1134 351 1211 430 bon

151 471 262 581 Qid
278 469 355 549 hoc
370 467 533 548 homine
553 469 692 560 levius,
708 469 805 576 quid
824 466 1017 547 insanius?
1077 464 1182 575 Qtis
1200 460 1225 540 h

149 581 189 659 in
210 610 251 660 re
271 581 438 660 minima
463 580 583 659 fidem
606 578 761 672 habeat,
777 580 848 688 qui
869 579 982 657 tantis
1001 579 1044 655 in
1063 575 1178 654 rebus
1197 601 1222 682 q
1244 570 1254 589 ‘

147 692 297 787 afferat,
314 711 353 771 et
368 719 464 770 mox
480 707 612 799 neget,
628 690 729 769 nihil
745 692 850 798 penfi
866 689 998 768 habet.
1038 687 1234 766 Affirmas.
1251 698 1255 705 '

150 830 217 910 29.
238 833 360 912 regem
379 801 519 910 legibus
527 804 695 909 stalutum
713 801 778 911 effi
795 801 900 911 apud
916 829 1032 880 omnes
1056 801 1215 889 Gentes3

150 916 285 996 Oriens
291 914 502 1022 judicavit,
504 915 567 1019 fic
589 911 778 994 Occidens.
800 916 885 993 At?
906 941 947 1022 p.
968 938 1034 1019 43.
1055 939 1173 991 omnes
1189 937 1213 986 r
1246 1004 1249 1009 .

152 1027 319 1108 Orientis
344 1023 444 1107 κατοῖ
471 1024 565 1135 νόμον
590 1042 626 1104 et
651 1025 829 1132 legitimos
840 1023 958 1133 fuiffi’
970 1054 984 1116 ,·
1014 1021 1117 1102 immi
1136 1022 1190 1100 AE

147 1167 251 1246 reges
262 1140 300 1219 in
310 1137 479 1217 maxtinir
489 1135 709 1246 minimffque
719 1135 828 1216 rebus
837 1136 978 1243 legibus
988 1134 1186 1242 obstriblos,
1222 1126 1234 1158 ⁸

146 1250 261 1330 initio
281 1250 419 1359 capitis
435 1247 513 1328 hoc
529 1268 566 1328 te
586 1247 844 1357 probaturum
863 1248 1061 1356 pollicitus
1080 1246 1142 1338 fis,
1157 1272 1182 1323 o

147 1389 257 1469 reges
254 1360 397 1467 solutos
408 1360 548 1467 legibus
559 1359 648 1452 effe,
661 1360 757 1466 leges
766 1357 871 1452 dare,
884 1388 953 1439 non
964 1358 1143 1466 accipere.
1165 1357 1240 1545 Ep

146 1473 239 1552 dem
251 1500 329 1552 non
342 1471 482 1551 irascor
495 1472 583 1565 tibi;
606 1491 673 1550 aut
684 1471 792 1549 enim
804 1469 958 1564 insanis,
968 1488 1035 1550 aut
1048 1465 1217 1548 stasano
1241 1464 1250 1483 ’

146 1583 240 1662 Hoc
259 1581 363 1663 certe
382 1610 610 1692 oppugnare
630 1581 699 1675 est,
720 1608 799 1661 non
819 1580 1041 1674 defendere,
1060 1579 1138 1660 hoc
1157 1607 1199 1659 re
1270 1578 1273 1673 ᾗ

146 1695 202 1773 est
221 1694 333 1774 ludos
360 1694 499 1774 facere.
562 1695 628 1773 Sin
652 1690 798 1786 minius,
821 1692 1090 1773 Catullianum
1115 1689 1211 1800 prof

145 1806 245 1885 illud
258 1806 299 1884 in
312 1824 349 1886 te
361 1803 554 1915 aptiffimd
566 1804 744 1914 quadrat,
755 1804 818 1883 sed
831 1803 1040 1898 inversum3
1062 1829 1155 1881 nam
1166 1826 1241 1910 qua
1276 1868 1279 1873 .

146 1916 188 1997 td
203 1918 291 2026 quis
306 1946 484 2026 unquam
497 1919 672 2026 optimus
688 1924 803 2024 polita
818 1915 909 2009 fuit,
930 1913 1038 1996 tantd
1051 1931 1094 1993 tu
1107 1913 1279 2022 peffimut

145 2031 328 2109 omnium
344 2050 543 2139 patronus.
604 2026 723 2107 Certe
742 2028 813 2106 nis1
834 2028 967 2134 stupor
985 2027 1051 2105 ille
1071 2053 1153 2133 quo
1171 2024 1279 2104 advo·

145 2159 280 2220 catum
291 2141 365 2219 effe
381 2139 658 2246 demersttmais,
672 2136 853 2248 tepotii1s
866 2139 1094 2231 obcoecavit,
1109 2137 1195 2242 jam
1207 2150 1291 2247 tute¹

144 2250 342 2360 obrutuffl
362 2270 399 2332 te
420 2251 571 2331 senties.
632 2252 756 2330 Nunc
782 2250 942 2331 omnibus
967 2278 1104 2360 quoque
1125 2246 1291 2355 gentium}

144 2361 293 2468 regibus
306 2363 402 2468 leges
420 2361 529 2442 datas
533 2361 611 2469 sui
633 2392 652 2441 e
668 2362 822 2456 fateris;
844 2391 913 2442 non
931 2379 1052 2442 tamen
1069 2379 1113 2440 ut
1130 2360 1177 2440 iis
1189 2375 1280 2439 tene·

144 2491 294 2566 rentur,
309 2472 538 2578 judiciorum
555 2492 653 2553 metu
672 2491 709 2553 et
728 2490 850 2581 paenae
869 2474 1016 2581 capitis.
1077 2471 1201 2582 Qud
1220 2496 1280 2548 ne·

145 2584 322 2692 quedum
334 2613 385 2664 ex
397 2585 597 2695 scriptura,
610 2613 737 2693 neque
750 2613 800 2663 ex
811 2585 894 2664 ullo
905 2582 1067 2664 authore
1080 2581 1157 2661 fide
1168 2583 1280 2688 digno

146 2695 355 2774 ostendisti.
414 2700 481 2777 Tu
502 2697 622 2802 igitur
638 2697 771 2806 paucis
786 2696 944 2804 accipe:
976 2696 1081 2803 leges
1096 2692 1280 2774 civilesiir

145 2806 236 2885 dare
256 2808 326 2914 qui
347 2806 498 2914 legibus
522 2836 600 2886 non
620 2827 816 2900 tenentur,
837 2806 998 2886 stultum
1019 2824 1059 2885 et
1077 2804 1280 2885 ridiculum

145 2917 224 3012 est;
252 2945 388 2997 omnes
404 2919 499 2997 alios
515 2919 655 3026 punire
672 2920 741 2998 uni
760 2919 949 2997 duntaxat
968 2917 1151 2997 omnium
1170 2916 1280 2997 scele-

145 3056 235 3107 rum
255 3029 535 3137 impunitatem
555 3030 660 3124 dare,
680 3028 775 3109 cium
795 3031 860 3108 lex
880 3031 1082 3109 neminem
1100 3028 1280 3138 excipiat,

145 3139 432 3248 iniquiffimum
448 3141 514 3222 est.
547 3146 648 3332 Q?
660 3142 739 3220 duo
753 3143 793 3220 in
810 3140 997 3249 sapientes
1013 3140 1283 3247 legumlatores

145 3249 312 3331 minima
329 3253 487 3346 cadunt,
508 3254 609 3332 mult
655 3249 787 3331 minus
802 3253 842 3330 in
864 3253 1014 3331 Deum.
1074 3252 1134 3329 Ut
1154 3274 1284 3330 omnes

144 3381 278 3442 autem
292 3363 448 3442 videant
468 3383 505 3442 te
525 3363 635 3443 nullo
654 3364 774 3443 modo
793 3392 844 3443 ex
860 3363 1121 3443 Hebraeorum
1141 3360 1286 3472 scriptis

144 3473 184 3550 id
207 3471 386 3581 probare,
407 3475 514 3580 quod
538 3474 786 3582 probandum
808 3473 886 3554 hoc
905 3474 1032 3583 capite
1059 3472 1285 3583 susceperas,

144 3582 218 3662 elle
233 3610 283 3660 ex
296 3585 488 3690 magistris
503 3585 569 3664 tua
583 3584 717 3692 sponte
728 3585 939 3679 confiteris,
952 3585 1020 3694 qui
1025 3603 1166 3691 negant
1176 3584 1286 3666 aliurn

129 3692 216 3799 fitis
232 3693 432 3799 majoribus
450 3723 571 3801 regem
588 3694 928 3806 agnoscendumsui
951 3727 970 3776 e
981 3713 1130 3806 prater
1149 3698 1286 3789 Deum,

143 3803 271 3884 datum
290 3823 412 3885 autem
432 3805 469 3883 in
482 3806 765 3917 poenamsuiſjb.
825 3809 1009 3908 Quorum
1036 3833 1111 3913 ego
1136 3807 1179 3885 in
1205 3805 1287 3887 sen·

143 3916 307 3995 tentiam
320 3915 486 4023 pedibus
500 3944 561 3995 eo.
603 3918 701 3996 Non
714 3919 826 3998 decet
840 3920 963 4012 enim,
978 3946 1106 4027 neque
1121 3918 1289 4025 dignum

143 4026 198 4105 est
210 4053 345 4131 regem
358 4026 447 4120 effe,
461 4027 530 4105 nifi
546 4027 615 4134 qui
631 4032 775 4109 caeteris
788 4030 972 4109 omnibus
987 4027 1106 4136 longe
1118 4031 1290 4111 antecel-

141 4137 214 4233 lit;
243 4138 312 4217 ubi
332 4138 450 4216 multi
469 4136 556 4216 sunt
575 4140 752 4246 aequales,
771 4162 815 4220 ut
835 4141 981 4220 suntin
1002 4142 1112 4219 omni
1130 4142 1288 4222 civitate

142 4249 320 4359 plurimi,
341 4249 556 4356 imperium
575 4277 624 4328 ex
643 4279 755 4359 aequo
772 4272 890 4359 atque
911 4279 980 4361 per
992 4251 1096 4330 vices
1115 4252 1289 4333 dandum

141 4361 215 4440 elle
230 4359 418 4440 arbitror:
449 4360 601 4467 aequali,
614 4381 681 4441 aut
698 4363 933 4471 plerumque
948 4362 1148 4457 deteriori,
1162 4392 1208 4444 ac
1228 4364 1289 4445 sae-
