<?xml version="1.0" encoding="UTF-8"?>
<!DOCTYPE html PUBLIC "-//W3C//DTD XHTML 1.0 Transitional//EN"
    "http://www.w3.org/TR/xhtml1/DTD/xhtml1-transitional.dtd">
<html xmlns="http://www.w3.org/1999/xhtml" xml:lang="en" lang="en">
 <head>
  <title>
</title>
<meta http-equiv="Content-Type" content="text/html;charset=utf-8" />
  <meta name='ocr-system' content='tesseract 3.04.00' />
  <meta name='ocr-capabilities' content='ocr_page ocr_carea ocr_par ocr_line ocrx_word'/>
</head>
<body>
  <div class='ocr_page' id='page_1' title='image "./worksjohnmilton07miltgoog_0163.png"; bbox 0 0 2888 5204; ppageno 0'>
   <div class='ocr_carea' id='block_1_1' title="bbox 144 147 1003 285">
    <p class='ocr_par' dir='ltr' id='par_1_1' title="bbox 144 147 1003 285">
     <span class='ocr_line' id='line_1_1' title="bbox 144 147 1003 285; baseline -0.009 -34"><span class='ocrx_word' id='word_1_1' title='bbox 144 173 219 272; x_wconf 83' lang='lat'>146</span> <span class='ocrx_word' id='word_1_2' title='bbox 408 157 498 248; x_wconf 90' lang='lat' dir='ltr'>Pro</span> <span class='ocrx_word' id='word_1_3' title='bbox 526 148 708 285; x_wconf 91' lang='lat' dir='ltr'>Populo</span> <span class='ocrx_word' id='word_1_4' title='bbox 736 147 1003 280; x_wconf 87' lang='lat' dir='ltr'>Anglicano</span> 
     </span>
    </p>
   </div>
   <div class='ocr_carea' id='block_1_2' title="bbox 254 376 1322 1244">
    <p class='ocr_par' dir='ltr' id='par_1_2' title="bbox 254 376 1322 937">
     <span class='ocr_line' id='line_1_2' title="bbox 254 376 1322 489; baseline -0.007 -29"><span class='ocrx_word' id='word_1_5' title='bbox 254 381 347 489; x_wconf 66' lang='lat' dir='ltr'>Qis</span> <span class='ocrx_word' id='word_1_6' title='bbox 365 379 551 489; x_wconf 86' lang='lat' dir='ltr'><em>expedivit</em></span> <span class='ocrx_word' id='word_1_7' title='bbox 570 378 756 459; x_wconf 76' lang='lat' dir='ltr'>Salmatia</span> <span class='ocrx_word' id='word_1_8' title='bbox 771 377 881 456; x_wconf 89' lang='lat' dir='ltr'>suam</span> <span class='ocrx_word' id='word_1_9' title='bbox 896 376 1170 469; x_wconf 87' lang='lat' dir='ltr'>Hundtcdam,</span> <span class='ocrx_word' id='word_1_10' title='bbox 1306 384 1322 390; x_wconf 84' lang='grc'><strong>“</strong></span> 
     </span>
     <span class='ocr_line' id='line_1_3' title="bbox 255 486 1067 616; baseline -0.009 -43"><span class='ocrx_word' id='word_1_11' title='bbox 255 496 470 600; x_wconf 91' lang='lat' dir='ltr'>Picamque</span> <span class='ocrx_word' id='word_1_12' title='bbox 489 490 750 616; x_wconf 66' lang='lat' dir='ltr'>docuit&#39;nastra</span> <span class='ocrx_word' id='word_1_13' title='bbox 768 487 886 569; x_wconf 88' lang='lat' dir='ltr'>verba</span> <span class='ocrx_word' id='word_1_14' title='bbox 904 488 1037 568; x_wconf 86' lang='lat' dir='ltr'>conari</span> <span class='ocrx_word' id='word_1_15' title='bbox 1044 486 1067 567; x_wconf 78' lang='grc' dir='ltr'><strong><em>ἒ</em></strong></span> 
     </span>
     <span class='ocr_line' id='line_1_4' title="bbox 256 600 971 713; baseline -0.008 -28"><span class='ocrx_word' id='word_1_16' title='bbox 256 605 443 713; x_wconf 71' lang='lat' dir='ltr'>Magsser</span> <span class='ocrx_word' id='word_1_17' title='bbox 460 604 559 683; x_wconf 91' lang='lat' dir='ltr'>artis</span> <span class='ocrx_word' id='word_1_18' title='bbox 575 620 722 695; x_wconf 87' lang='lat' dir='ltr'>venter,</span> <span class='ocrx_word' id='word_1_19' title='bbox 742 619 783 680; x_wconf 91' lang='lat' dir='ltr'>et</span> <span class='ocrx_word' id='word_1_20' title='bbox 800 600 971 706; x_wconf 78' lang='lat' dir='ltr'>jacobaei</span> 
     </span>
     <span class='ocr_line' id='line_1_5' title="bbox 257 710 1159 821; baseline -0.007 -25"><span class='ocrx_word' id='word_1_21' title='bbox 257 720 448 809; x_wconf 87' lang='lat' dir='ltr'>Centum,</span> <span class='ocrx_word' id='word_1_22' title='bbox 469 716 660 795; x_wconf 86' lang='lat' dir='ltr'>exulantis</span> <span class='ocrx_word' id='word_1_23' title='bbox 675 711 818 793; x_wconf 90' lang='lat' dir='ltr'>viscera</span> <span class='ocrx_word' id='word_1_24' title='bbox 836 710 1025 821; x_wconf 83' lang='lat' dir='ltr'>marsupii</span> <span class='ocrx_word' id='word_1_25' title='bbox 1045 712 1159 820; x_wconf 84' lang='lat' dir='ltr'>regis.</span> 
     </span>
     <span class='ocr_line' id='line_1_6' title="bbox 256 824 988 937; baseline -0.007 -29"><span class='ocrx_word' id='word_1_26' title='bbox 256 828 406 937; x_wconf 67' lang='lat' dir='ltr'>Qutdfi</span> <span class='ocrx_word' id='word_1_27' title='bbox 421 826 528 934; x_wconf 80' lang='lat' dir='ltr'>doloſs</span> <span class='ocrx_word' id='word_1_28' title='bbox 527 827 617 936; x_wconf 87' lang='lat' dir='ltr'>spes</span> <span class='ocrx_word' id='word_1_29' title='bbox 630 825 819 935; x_wconf 85' lang='lat' dir='ltr'><em>refulserit</em></span> <span class='ocrx_word' id='word_1_30' title='bbox 836 824 988 917; x_wconf 88' lang='lat' dir='ltr'>nummi,</span> 
     </span>
    </p>

    <p class='ocr_par' dir='ltr' id='par_1_3' title="bbox 255 936 1322 1244">
     <span class='ocr_line' id='line_1_7' title="bbox 256 936 1322 1050; baseline -0.006 -31"><span class='ocrx_word' id='word_1_31' title='bbox 256 940 340 1050; x_wconf 91' lang='lat' dir='ltr'>Ipse</span> <span class='ocrx_word' id='word_1_32' title='bbox 354 938 587 1019; x_wconf 88' lang='lat' dir='ltr'>Antichristi</span> <span class='ocrx_word' id='word_1_33' title='bbox 605 940 675 1046; x_wconf 94' lang='lat' dir='ltr'>qui</span> <span class='ocrx_word' id='word_1_34' title='bbox 694 936 815 1016; x_wconf 78' lang='lat' dir='ltr'>modo</span> <span class='ocrx_word' id='word_1_35' title='bbox 829 938 1047 1045; x_wconf 88' lang='lat' dir='ltr'>primatum</span> <span class='ocrx_word' id='word_1_36' title='bbox 1065 936 1176 1047; x_wconf 71' lang='lat' dir='ltr'>Papae</span> <span class='ocrx_word' id='word_1_37' title='bbox 1307 944 1322 1023; x_wconf 70' lang='grc' dir='ltr'><strong><em>Ῐ</em></strong></span> 
     </span>
     <span class='ocr_line' id='line_1_8' title="bbox 255 1045 991 1158; baseline -0.01 -25"><span class='ocrx_word' id='word_1_38' title='bbox 255 1053 435 1133; x_wconf 90' lang='lat' dir='ltr'>Minatus</span> <span class='ocrx_word' id='word_1_39' title='bbox 453 1079 531 1131; x_wconf 93' lang='lat' dir='ltr'>uno</span> <span class='ocrx_word' id='word_1_40' title='bbox 551 1050 606 1131; x_wconf 89' lang='lat' dir='ltr'>est</span> <span class='ocrx_word' id='word_1_41' title='bbox 624 1050 802 1158; x_wconf 86' lang='lat' dir='ltr'>diffipare</span> <span class='ocrx_word' id='word_1_42' title='bbox 820 1045 991 1141; x_wconf 85' lang='lat' dir='ltr'>sufflatu,</span> 
     </span>
     <span class='ocr_line' id='line_1_9' title="bbox 257 1160 1021 1244; baseline -0.007 -1"><span class='ocrx_word' id='word_1_43' title='bbox 257 1163 440 1244; x_wconf 88' lang='lat' dir='ltr'>Cantabit</span> <span class='ocrx_word' id='word_1_44' title='bbox 460 1162 564 1242; x_wconf 79' lang='lat' dir='ltr'>ultro</span> <span class='ocrx_word' id='word_1_45' title='bbox 582 1161 884 1242; x_wconf 84' lang='lat' dir='ltr'>Cardinalitium</span> <span class='ocrx_word' id='word_1_46' title='bbox 902 1160 1021 1239; x_wconf 84' lang='lat' dir='ltr'>melas.</span> 
     </span>
    </p>
   </div>
   <div class='ocr_carea' id='block_1_3' title="bbox 11 1331 1322 4469">
    <p class='ocr_par' dir='ltr' id='par_1_4' title="bbox 11 1331 1322 4469">
     <span class='ocr_line' id='line_1_10' title="bbox 11 1331 1267 1449; baseline -0.006 -28"><span class='ocrx_word' id='word_1_47' title='bbox 11 1332 15 1339; x_wconf 46' lang='lat'><strong>⁴</strong></span> <span class='ocrx_word' id='word_1_48' title='bbox 144 1343 325 1449; x_wconf 87' lang='lat' dir='ltr'><strong>Longam</strong></span> <span class='ocrx_word' id='word_1_49' title='bbox 344 1338 485 1419; x_wconf 93' lang='lat' dir='ltr'>deinde</span> <span class='ocrx_word' id='word_1_50' title='bbox 501 1338 549 1417; x_wconf 95' lang='lat' dir='ltr'>de</span> <span class='ocrx_word' id='word_1_51' title='bbox 563 1336 789 1416; x_wconf 85' lang='lat' dir='ltr'>Comitibus</span> <span class='ocrx_word' id='word_1_52' title='bbox 804 1354 844 1415; x_wconf 90' lang='lat' dir='ltr'>et</span> <span class='ocrx_word' id='word_1_53' title='bbox 856 1334 1074 1416; x_wconf 80' lang='lat' dir='ltr'>Batonibus</span> <span class='ocrx_word' id='word_1_54' title='bbox 1085 1331 1267 1415; x_wconf 82' lang='lat' dir='ltr'>differtati·</span> 
     </span>
     <span class='ocr_line' id='line_1_11' title="bbox 141 1446 1269 1554; baseline -0.005 -23"><span class='ocrx_word' id='word_1_55' title='bbox 141 1480 260 1531; x_wconf 92' lang='lat' dir='ltr'>0nem</span> <span class='ocrx_word' id='word_1_56' title='bbox 272 1452 458 1544; x_wconf 89' lang='lat' dir='ltr'>subtexis;</span> <span class='ocrx_word' id='word_1_57' title='bbox 476 1470 521 1529; x_wconf 91' lang='lat' dir='ltr'>ut</span> <span class='ocrx_word' id='word_1_58' title='bbox 531 1448 705 1529; x_wconf 86' lang='lat' dir='ltr'>ostendas</span> <span class='ocrx_word' id='word_1_59' title='bbox 715 1475 851 1554; x_wconf 86' lang='lat' dir='ltr'>regem</span> <span class='ocrx_word' id='word_1_60' title='bbox 865 1448 939 1527; x_wconf 84' lang='lat' dir='ltr'>effe</span> <span class='ocrx_word' id='word_1_61' title='bbox 953 1474 1095 1527; x_wconf 89' lang='lat' dir='ltr'>eorum</span> <span class='ocrx_word' id='word_1_62' title='bbox 1110 1446 1269 1527; x_wconf 89' lang='lat' dir='ltr'>omniurn</span> 
     </span>
     <span class='ocr_line' id='line_1_12' title="bbox 141 1559 1270 1670; baseline -0.004 -28"><span class='ocrx_word' id='word_1_63' title='bbox 141 1583 372 1656; x_wconf 83' lang='lat' dir='ltr'>creatorem,</span> <span class='ocrx_word' id='word_1_64' title='bbox 385 1563 491 1670; x_wconf 92' lang='lat' dir='ltr'>quod</span> <span class='ocrx_word' id='word_1_65' title='bbox 506 1559 620 1641; x_wconf 71' lang='lat' dir='ltr'>facile</span> <span class='ocrx_word' id='word_1_66' title='bbox 632 1560 898 1654; x_wconf 86' lang='lat' dir='ltr'>concedimus,</span> <span class='ocrx_word' id='word_1_67' title='bbox 911 1586 1039 1667; x_wconf 85' lang='lat' dir='ltr'>eoque</span> <span class='ocrx_word' id='word_1_68' title='bbox 1052 1561 1210 1639; x_wconf 87' lang='lat' dir='ltr'>nomine</span> <span class='ocrx_word' id='word_1_69' title='bbox 1221 1584 1270 1637; x_wconf 86' lang='lat' dir='ltr'>re·</span> 
     </span>
     <span class='ocr_line' id='line_1_13' title="bbox 77 1670 1272 1783; baseline -0.003 -31"><span class='ocrx_word' id='word_1_70' title='bbox 77 1712 81 1718; x_wconf 95' lang='lat'>·</span> <span class='ocrx_word' id='word_1_71' title='bbox 144 1674 259 1781; x_wconf 87' lang='lat' dir='ltr'><strong>gibus</strong></span> <span class='ocrx_word' id='word_1_72' title='bbox 274 1675 492 1783; x_wconf 85' lang='lat' dir='ltr'>plerunque</span> <span class='ocrx_word' id='word_1_73' title='bbox 508 1672 745 1766; x_wconf 89' lang='lat' dir='ltr'>serviebant;</span> <span class='ocrx_word' id='word_1_74' title='bbox 768 1672 935 1781; x_wconf 90' lang='lat' dir='ltr'>ideoque</span> <span class='ocrx_word' id='word_1_75' title='bbox 950 1699 1000 1750; x_wconf 90' lang='lat' dir='ltr'>ne</span> <span class='ocrx_word' id='word_1_76' title='bbox 1015 1672 1147 1779; x_wconf 87' lang='lat' dir='ltr'>gentis</span> <span class='ocrx_word' id='word_1_77' title='bbox 1164 1670 1272 1749; x_wconf 72' lang='lat' dir='ltr'>libert</span> 
     </span>
     <span class='ocr_line' id='line_1_14' title="bbox 143 1783 1273 1897; baseline -0.005 -30"><span class='ocrx_word' id='word_1_78' title='bbox 143 1786 327 1897; x_wconf 82' lang='lat' dir='ltr'>deinceps</span> <span class='ocrx_word' id='word_1_79' title='bbox 341 1786 494 1891; x_wconf 90' lang='lat' dir='ltr'>judices</span> <span class='ocrx_word' id='word_1_80' title='bbox 510 1785 630 1865; x_wconf 84' lang='lat' dir='ltr'>effent</span> <span class='ocrx_word' id='word_1_81' title='bbox 644 1783 747 1864; x_wconf 71' lang='lat' dir='ltr'>recu</span> <span class='ocrx_word' id='word_1_82' title='bbox 762 1783 1020 1894; x_wconf 87' lang='lat' dir='ltr'>providimus.</span> <span class='ocrx_word' id='word_1_83' title='bbox 1072 1785 1169 1863; x_wconf 85' lang='lat' dir='ltr'>Pate</span> <span class='ocrx_word' id='word_1_84' title='bbox 1193 1798 1273 1862; x_wconf 80' lang='lat' dir='ltr'>atem</span> 
     </span>
     <span class='ocr_line' id='line_1_15' title="bbox 142 1892 1275 2006; baseline -0.004 -28"><span class='ocrx_word' id='word_1_85' title='bbox 142 1898 369 1978; x_wconf 85' lang='lat' dir='ltr'>convocandi</span> <span class='ocrx_word' id='word_1_86' title='bbox 382 1899 659 2006; x_wconf 85' lang='lat' dir='ltr'>parlamentum</span> <span class='ocrx_word' id='word_1_87' title='bbox 684 1895 822 2005; x_wconf 87' lang='lat' dir='ltr'>quoties</span> <span class='ocrx_word' id='word_1_88' title='bbox 849 1895 950 1989; x_wconf 81' lang='lat' dir='ltr'>tiber,</span> <span class='ocrx_word' id='word_1_89' title='bbox 976 1912 1013 1976; x_wconf 86' lang='lat' dir='ltr'>et</span> <span class='ocrx_word' id='word_1_90' title='bbox 1040 1924 1142 2005; x_wconf 82' lang='lat' dir='ltr'>quan</span> <span class='ocrx_word' id='word_1_91' title='bbox 1204 1892 1275 1974; x_wconf 78' lang='lat' dir='ltr'>ortt</span> 
     </span>
     <span class='ocr_line' id='line_1_16' title="bbox 142 2002 1277 2121; baseline -0.003 -31"><span class='ocrx_word' id='word_1_92' title='bbox 142 2010 353 2121; x_wconf 66' lang='lat' dir='ltr'>dffllvendi</span> <span class='ocrx_word' id='word_1_93' title='bbox 373 2041 417 2090; x_wconf 89' lang='lat' dir='ltr'>ex</span> <span class='ocrx_word' id='word_1_94' title='bbox 441 2009 538 2089; x_wconf 88' lang='lat' dir='ltr'>amni</span> <span class='ocrx_word' id='word_1_95' title='bbox 564 2008 735 2117; x_wconf 82' lang='lat' dir='ltr'>temporis</span> <span class='ocrx_word' id='word_1_96' title='bbox 755 2007 926 2089; x_wconf 88' lang='lat' dir='ltr'>memoria</span> <span class='ocrx_word' id='word_1_97' title='bbox 949 2025 1063 2116; x_wconf 83' lang='lat' dir='ltr'>penes</span> <span class='ocrx_word' id='word_1_98' title='bbox 1085 2002 1277 2117; x_wconf 74' lang='lat' dir='ltr'>regemeffl</span> 
     </span>
     <span class='ocr_line' id='line_1_17' title="bbox 143 2119 1278 2229; baseline -0.004 -27"><span class='ocrx_word' id='word_1_99' title='bbox 143 2123 325 2202; x_wconf 90' lang='lat' dir='ltr'>affirmas.</span> <span class='ocrx_word' id='word_1_100' title='bbox 385 2121 531 2201; x_wconf 89' lang='lat' dir='ltr'>Tibine</span> <span class='ocrx_word' id='word_1_101' title='bbox 551 2122 671 2228; x_wconf 87' lang='lat' dir='ltr'>igitur</span> <span class='ocrx_word' id='word_1_102' title='bbox 689 2119 880 2200; x_wconf 85' lang='lat' dir='ltr'>balatroni</span> <span class='ocrx_word' id='word_1_103' title='bbox 899 2120 1143 2200; x_wconf 89' lang='lat' dir='ltr'>mercenario</span> <span class='ocrx_word' id='word_1_104' title='bbox 1161 2138 1201 2198; x_wconf 90' lang='lat' dir='ltr'>et</span> <span class='ocrx_word' id='word_1_105' title='bbox 1219 2144 1278 2229; x_wconf 87' lang='lat' dir='ltr'>pe·</span> 
     </span>
     <span class='ocr_line' id='line_1_18' title="bbox 144 2229 1280 2343; baseline -0.002 -31"><span class='ocrx_word' id='word_1_106' title='bbox 144 2235 316 2341; x_wconf 83' lang='lat' dir='ltr'>tegrino,</span> <span class='ocrx_word' id='word_1_107' title='bbox 341 2232 597 2343; x_wconf 87' lang='lat' dir='ltr'>perfugarum</span> <span class='ocrx_word' id='word_1_108' title='bbox 627 2232 769 2312; x_wconf 75' lang='lat' dir='ltr'>dictata</span> <span class='ocrx_word' id='word_1_109' title='bbox 795 2231 1040 2325; x_wconf 88' lang='lat' dir='ltr'>exscribenti,</span> <span class='ocrx_word' id='word_1_110' title='bbox 1065 2258 1116 2310; x_wconf 91' lang='lat' dir='ltr'>an</span> <span class='ocrx_word' id='word_1_111' title='bbox 1144 2229 1280 2311; x_wconf 78' lang='lat' dir='ltr'>disertis</span> 
     </span>
     <span class='ocr_line' id='line_1_19' title="bbox 144 2341 1282 2450; baseline -0.001 -28"><span class='ocrx_word' id='word_1_112' title='bbox 144 2345 281 2450; x_wconf 87' lang='lat' dir='ltr'>legum</span> <span class='ocrx_word' id='word_1_113' title='bbox 301 2345 516 2425; x_wconf 87' lang='lat' dir='ltr'>nostrarum</span> <span class='ocrx_word' id='word_1_114' title='bbox 531 2343 658 2424; x_wconf 88' lang='lat' dir='ltr'>verbis</span> <span class='ocrx_word' id='word_1_115' title='bbox 674 2342 768 2423; x_wconf 89' lang='lat' dir='ltr'>fides</span> <span class='ocrx_word' id='word_1_116' title='bbox 785 2341 959 2423; x_wconf 90' lang='lat' dir='ltr'>habenda</span> <span class='ocrx_word' id='word_1_117' title='bbox 980 2344 1039 2435; x_wconf 87' lang='lat' dir='ltr'>fit,</span> <span class='ocrx_word' id='word_1_118' title='bbox 1060 2341 1164 2423; x_wconf 86' lang='lat' dir='ltr'>infra</span> <span class='ocrx_word' id='word_1_119' title='bbox 1184 2342 1282 2422; x_wconf 89' lang='lat' dir='ltr'>vide-</span> 
     </span>
     <span class='ocr_line' id='line_1_20' title="bbox 143 2452 1322 2564; baseline -0.002 -29"><span class='ocrx_word' id='word_1_120' title='bbox 143 2455 288 2537; x_wconf 91' lang='lat' dir='ltr'>bimus.</span> <span class='ocrx_word' id='word_1_121' title='bbox 347 2459 423 2550; x_wconf 90' lang='lat' dir='ltr'>At,</span> <span class='ocrx_word' id='word_1_122' title='bbox 448 2456 595 2564; x_wconf 89' lang='lat' dir='ltr'>inquis,</span> <span class='ocrx_word' id='word_1_123' title='bbox 619 2485 723 2563; x_wconf 79' lang='lat' dir='ltr'>reges</span> <span class='ocrx_word' id='word_1_124' title='bbox 740 2457 896 2561; x_wconf 84' lang='lat' dir='ltr'>Angliae</span> <span class='ocrx_word' id='word_1_125' title='bbox 916 2456 1155 2564; x_wconf 85' lang='lat' dir='ltr'>parlamento</span> <span class='ocrx_word' id='word_1_126' title='bbox 1176 2452 1285 2562; x_wconf 72' lang='lat' dir='ltr'>mtrjm</span> <span class='ocrx_word' id='word_1_127' title='bbox 1318 2478 1322 2493; x_wconf 79' lang='lat'><strong><em>¹</em></strong></span> 
     </span>
     <span class='ocr_line' id='line_1_21' title="bbox 144 2566 1287 2677; baseline 0.001 -30"><span class='ocrx_word' id='word_1_128' title='bbox 144 2568 334 2677; x_wconf 85' lang='lat' dir='ltr'>imperium</span> <span class='ocrx_word' id='word_1_129' title='bbox 347 2566 507 2677; x_wconf 79' lang='lat' dir='ltr'>habuiffe</span> <span class='ocrx_word' id='word_1_130' title='bbox 520 2568 591 2647; x_wconf 88' lang='lat' dir='ltr'>alio</span> <span class='ocrx_word' id='word_1_131' title='bbox 606 2585 820 2676; x_wconf 85' lang='lat' dir='ltr'>argumenta</span> <span class='ocrx_word' id='word_1_132' title='bbox 828 2566 1031 2677; x_wconf 84' lang='lat' dir='ltr'>probatur,</span> <span class='ocrx_word' id='word_1_133' title='bbox 1046 2596 1156 2677; x_wconf 87' lang='lat' dir='ltr'>taque</span> <span class='ocrx_word' id='word_1_134' title='bbox 1170 2567 1287 2648; x_wconf 80' lang='lat' dir='ltr'>inurit·</span> 
     </span>
     <span class='ocr_line' id='line_1_22' title="bbox 145 2678 1290 2790; baseline 0.001 -31"><span class='ocrx_word' id='word_1_135' title='bbox 145 2680 249 2760; x_wconf 90' lang='lat' dir='ltr'>cibili</span> <span class='ocrx_word' id='word_1_136' title='bbox 258 2710 271 2771; x_wconf 89' lang='lat'><em>;</em></span> <span class='ocrx_word' id='word_1_137' title='bbox 298 2681 396 2785; x_wconf 87' lang='lat' dir='ltr'>regis</span> <span class='ocrx_word' id='word_1_138' title='bbox 408 2679 566 2789; x_wconf 85' lang='lat' dir='ltr'>potestas</span> <span class='ocrx_word' id='word_1_139' title='bbox 578 2696 762 2788; x_wconf 87' lang='lat' dir='ltr'>perpetua</span> <span class='ocrx_word' id='word_1_140' title='bbox 780 2680 882 2788; x_wconf 82' lang='lat' dir='ltr'>estet</span> <span class='ocrx_word' id='word_1_141' title='bbox 900 2678 1107 2774; x_wconf 74' lang='lat' dir='ltr'>ordinaria,</span> <span class='ocrx_word' id='word_1_142' title='bbox 1127 2710 1214 2790; x_wconf 83' lang='lat' dir='ltr'>quae</span> <span class='ocrx_word' id='word_1_143' title='bbox 1223 2696 1290 2790; x_wconf 82' lang='lat' dir='ltr'>per</span> 
     </span>
     <span class='ocr_line' id='line_1_23' title="bbox 131 2789 1289 2900; baseline 0.001 -30"><span class='ocrx_word' id='word_1_144' title='bbox 131 2793 270 2896; x_wconf 82' lang='lat' dir='ltr'>sestne</span> <span class='ocrx_word' id='word_1_145' title='bbox 287 2790 526 2872; x_wconf 86' lang='lat' dir='ltr'>Parlamenta</span> <span class='ocrx_word' id='word_1_146' title='bbox 541 2820 695 2897; x_wconf 85' lang='lat' dir='ltr'>regnum</span> <span class='ocrx_word' id='word_1_147' title='bbox 714 2789 958 2900; x_wconf 61' lang='lat' dir='ltr'>adminstrat,</span> <span class='ocrx_word' id='word_1_148' title='bbox 974 2792 1219 2873; x_wconf 82' lang='lat' dir='ltr'>Parlamenti</span> <span class='ocrx_word' id='word_1_149' title='bbox 1227 2820 1289 2871; x_wconf 81' lang='lat' dir='ltr'>ex·</span> 
     </span>
     <span class='ocr_line' id='line_1_24' title="bbox 144 2901 1292 3011; baseline 0.002 -29"><span class='ocrx_word' id='word_1_150' title='bbox 144 2902 402 2984; x_wconf 83' lang='lat' dir='ltr'>traardirraria</span> <span class='ocrx_word' id='word_1_151' title='bbox 420 2903 468 3011; x_wconf 73' lang='lat' dir='ltr'>est</span> <span class='ocrx_word' id='word_1_152' title='bbox 486 2902 711 2999; x_wconf 79' lang='lat' dir='ltr'>authoritas,</span> <span class='ocrx_word' id='word_1_153' title='bbox 727 2901 831 2983; x_wconf 89' lang='lat' dir='ltr'>etad</span> <span class='ocrx_word' id='word_1_154' title='bbox 844 2922 967 2985; x_wconf 86' lang='lat' dir='ltr'>certas</span> <span class='ocrx_word' id='word_1_155' title='bbox 984 2921 1134 2985; x_wconf 88' lang='lat' dir='ltr'>tantum</span> <span class='ocrx_word' id='word_1_156' title='bbox 1145 2934 1220 2998; x_wconf 85' lang='lat' dir='ltr'>res,</span> <span class='ocrx_word' id='word_1_157' title='bbox 1230 2932 1292 2984; x_wconf 84' lang='lat' dir='ltr'>nec</span> 
     </span>
     <span class='ocr_line' id='line_1_25' title="bbox 129 3014 1293 3124; baseline 0.001 -30"><span class='ocrx_word' id='word_1_158' title='bbox 129 3014 214 3118; x_wconf 82' lang='lat' dir='ltr'>stne</span> <span class='ocrx_word' id='word_1_159' title='bbox 233 3044 319 3122; x_wconf 86' lang='lat' dir='ltr'>rege</span> <span class='ocrx_word' id='word_1_160' title='bbox 337 3016 531 3124; x_wconf 87' lang='lat' dir='ltr'>quicquam</span> <span class='ocrx_word' id='word_1_161' title='bbox 545 3015 841 3123; x_wconf 79' lang='lat' dir='ltr'>validissatuere</span> <span class='ocrx_word' id='word_1_162' title='bbox 854 3015 1005 3096; x_wconf 85' lang='lat' dir='ltr'>idonea:</span> <span class='ocrx_word' id='word_1_163' title='bbox 1036 3016 1217 3095; x_wconf 86' lang='lat' dir='ltr'>Ubinam</span> <span class='ocrx_word' id='word_1_164' title='bbox 1233 3016 1293 3095; x_wconf 93' lang='lat' dir='ltr'>di·</span> 
     </span>
     <span class='ocr_line' id='line_1_26' title="bbox 146 3126 1294 3236; baseline 0.001 -30"><span class='ocrx_word' id='word_1_165' title='bbox 146 3155 281 3207; x_wconf 89' lang='lat' dir='ltr'>camus</span> <span class='ocrx_word' id='word_1_166' title='bbox 300 3129 383 3206; x_wconf 91' lang='lat' dir='ltr'>vim</span> <span class='ocrx_word' id='word_1_167' title='bbox 403 3154 588 3234; x_wconf 87' lang='lat' dir='ltr'>magnam</span> <span class='ocrx_word' id='word_1_168' title='bbox 615 3128 733 3206; x_wconf 90' lang='lat' dir='ltr'>latere</span> <span class='ocrx_word' id='word_1_169' title='bbox 758 3126 873 3233; x_wconf 90' lang='lat' dir='ltr'>hujus</span> <span class='ocrx_word' id='word_1_170' title='bbox 898 3129 1151 3236; x_wconf 86' lang='lat' dir='ltr'>argumenti?</span> <span class='ocrx_word' id='word_1_171' title='bbox 1181 3154 1230 3207; x_wconf 85' lang='lat' dir='ltr'>an</span> <span class='ocrx_word' id='word_1_172' title='bbox 1253 3129 1294 3207; x_wconf 93' lang='lat' dir='ltr'>in</span> 
     </span>
     <span class='ocr_line' id='line_1_27' title="bbox 144 3237 1295 3348; baseline 0 -30"><span class='ocrx_word' id='word_1_173' title='bbox 144 3239 335 3321; x_wconf 87' lang='lat' dir='ltr'>ordinaria</span> <span class='ocrx_word' id='word_1_174' title='bbox 357 3256 395 3318; x_wconf 85' lang='lat' dir='ltr'>et</span> <span class='ocrx_word' id='word_1_175' title='bbox 413 3237 631 3348; x_wconf 80' lang='lat' dir='ltr'>perpetua?</span> <span class='ocrx_word' id='word_1_176' title='bbox 660 3241 786 3347; x_wconf 90' lang='lat' dir='ltr'>Atqui</span> <span class='ocrx_word' id='word_1_177' title='bbox 806 3241 978 3320; x_wconf 90' lang='lat' dir='ltr'>minores</span> <span class='ocrx_word' id='word_1_178' title='bbox 1006 3240 1126 3320; x_wconf 89' lang='lat' dir='ltr'>multi</span> <span class='ocrx_word' id='word_1_179' title='bbox 1150 3239 1295 3347; x_wconf 86' lang='lat' dir='ltr'>magis-</span> 
     </span>
     <span class='ocr_line' id='line_1_28' title="bbox 145 3349 1293 3460; baseline 0.002 -31"><span class='ocrx_word' id='word_1_180' title='bbox 145 3370 266 3451; x_wconf 81' lang='lat' dir='ltr'>tratus</span> <span class='ocrx_word' id='word_1_181' title='bbox 291 3349 437 3430; x_wconf 91' lang='lat' dir='ltr'>habent</span> <span class='ocrx_word' id='word_1_182' title='bbox 463 3351 695 3459; x_wconf 88' lang='lat' dir='ltr'>potestatem</span> <span class='ocrx_word' id='word_1_183' title='bbox 718 3352 953 3431; x_wconf 92' lang='lat' dir='ltr'>ordinariam</span> <span class='ocrx_word' id='word_1_184' title='bbox 980 3370 1020 3431; x_wconf 92' lang='lat' dir='ltr'>et</span> <span class='ocrx_word' id='word_1_185' title='bbox 1044 3371 1293 3460; x_wconf 89' lang='lat' dir='ltr'>perpetuam,</span> 
     </span>
     <span class='ocr_line' id='line_1_29' title="bbox 143 3459 1294 3570; baseline 0.003 -30"><span class='ocrx_word' id='word_1_186' title='bbox 143 3488 242 3567; x_wconf 92' lang='lat' dir='ltr'>quos</span> <span class='ocrx_word' id='word_1_187' title='bbox 260 3459 485 3542; x_wconf 85' lang='lat' dir='ltr'>Irenarchas</span> <span class='ocrx_word' id='word_1_188' title='bbox 499 3490 708 3558; x_wconf 89' lang='lat' dir='ltr'>vocamus;</span> <span class='ocrx_word' id='word_1_189' title='bbox 730 3491 778 3542; x_wconf 90' lang='lat' dir='ltr'>an</span> <span class='ocrx_word' id='word_1_190' title='bbox 791 3463 985 3543; x_wconf 92' lang='lat' dir='ltr'>summam</span> <span class='ocrx_word' id='word_1_191' title='bbox 1005 3490 1100 3570; x_wconf 88' lang='lat' dir='ltr'>ergo</span> <span class='ocrx_word' id='word_1_192' title='bbox 1120 3461 1294 3544; x_wconf 87' lang='lat' dir='ltr'>habent?</span> 
     </span>
     <span class='ocr_line' id='line_1_30' title="bbox 145 3569 1296 3684; baseline 0.005 -35"><span class='ocrx_word' id='word_1_193' title='bbox 145 3569 258 3681; x_wconf 73' lang='lat' dir='ltr'>supri</span> <span class='ocrx_word' id='word_1_194' title='bbox 276 3574 398 3652; x_wconf 90' lang='lat' dir='ltr'>etiam</span> <span class='ocrx_word' id='word_1_195' title='bbox 417 3573 502 3653; x_wconf 79' lang='lat' dir='ltr'>dixi</span> <span class='ocrx_word' id='word_1_196' title='bbox 528 3576 760 3684; x_wconf 90' lang='lat' dir='ltr'>potestatem</span> <span class='ocrx_word' id='word_1_197' title='bbox 787 3577 871 3683; x_wconf 83' lang='lat' dir='ltr'>regi</span> <span class='ocrx_word' id='word_1_198' title='bbox 894 3575 1041 3655; x_wconf 90' lang='lat' dir='ltr'>idcirco</span> <span class='ocrx_word' id='word_1_199' title='bbox 1065 3575 1251 3656; x_wconf 83' lang='lat' dir='ltr'>traditam</span> <span class='ocrx_word' id='word_1_200' title='bbox 1273 3572 1296 3655; x_wconf 80' lang='lat' dir='ltr'>i</span> 
     </span>
     <span class='ocr_line' id='line_1_31' title="bbox 145 3682 1296 3792; baseline 0.005 -30"><span class='ocrx_word' id='word_1_201' title='bbox 145 3684 295 3792; x_wconf 92' lang='lat' dir='ltr'>populo</span> <span class='ocrx_word' id='word_1_202' title='bbox 315 3682 441 3779; x_wconf 85' lang='lat' dir='ltr'>fuiffe,</span> <span class='ocrx_word' id='word_1_203' title='bbox 456 3704 501 3766; x_wconf 92' lang='lat' dir='ltr'>ut</span> <span class='ocrx_word' id='word_1_204' title='bbox 519 3686 670 3767; x_wconf 91' lang='lat' dir='ltr'>videret</span> <span class='ocrx_word' id='word_1_205' title='bbox 683 3685 918 3767; x_wconf 86' lang='lat' dir='ltr'>authoritate</span> <span class='ocrx_word' id='word_1_206' title='bbox 937 3687 1007 3766; x_wconf 91' lang='lat' dir='ltr'>fibi</span> <span class='ocrx_word' id='word_1_207' title='bbox 1021 3689 1230 3768; x_wconf 73' lang='lat' dir='ltr'>commitit</span> <span class='ocrx_word' id='word_1_208' title='bbox 1247 3714 1296 3767; x_wconf 88' lang='lat' dir='ltr'>ne</span> 
     </span>
     <span class='ocr_line' id='line_1_32' title="bbox 146 3797 1295 3907; baseline 0.006 -34"><span class='ocrx_word' id='word_1_209' title='bbox 146 3797 244 3902; x_wconf 92' lang='lat' dir='ltr'>quid</span> <span class='ocrx_word' id='word_1_210' title='bbox 255 3815 389 3875; x_wconf 92' lang='lat' dir='ltr'>contra</span> <span class='ocrx_word' id='word_1_211' title='bbox 401 3797 533 3904; x_wconf 88' lang='lat' dir='ltr'>legem</span> <span class='ocrx_word' id='word_1_212' title='bbox 546 3797 629 3878; x_wconf 85' lang='lat' dir='ltr'>fiat:</span> <span class='ocrx_word' id='word_1_213' title='bbox 651 3818 774 3907; x_wconf 93' lang='lat' dir='ltr'>utque</span> <span class='ocrx_word' id='word_1_214' title='bbox 787 3799 892 3906; x_wconf 87' lang='lat' dir='ltr'>leges</span> <span class='ocrx_word' id='word_1_215' title='bbox 907 3798 1118 3880; x_wconf 90' lang='lat' dir='ltr'>custodiret</span> <span class='ocrx_word' id='word_1_216' title='bbox 1132 3800 1295 3899; x_wconf 84' lang='lat' dir='ltr'>nostras,</span> 
     </span>
     <span class='ocr_line' id='line_1_33' title="bbox 146 3906 1296 4022; baseline 0.007 -39"><span class='ocrx_word' id='word_1_217' title='bbox 146 3933 225 3986; x_wconf 94' lang='lat' dir='ltr'>non</span> <span class='ocrx_word' id='word_1_218' title='bbox 246 3925 290 3986; x_wconf 93' lang='lat' dir='ltr'>ut</span> <span class='ocrx_word' id='word_1_219' title='bbox 309 3906 420 3987; x_wconf 89' lang='lat' dir='ltr'>nobis</span> <span class='ocrx_word' id='word_1_220' title='bbox 440 3910 662 4019; x_wconf 88' lang='lat' dir='ltr'>imponeret</span> <span class='ocrx_word' id='word_1_221' title='bbox 681 3911 788 3990; x_wconf 87' lang='lat' dir='ltr'>suas:</span> <span class='ocrx_word' id='word_1_222' title='bbox 816 3913 919 4020; x_wconf 83' lang='lat' dir='ltr'>regis</span> <span class='ocrx_word' id='word_1_223' title='bbox 939 3911 1103 4021; x_wconf 92' lang='lat' dir='ltr'>proinde</span> <span class='ocrx_word' id='word_1_224' title='bbox 1122 3912 1296 4022; x_wconf 84' lang='lat' dir='ltr'>potesta-</span> 
     </span>
     <span class='ocr_line' id='line_1_34' title="bbox 146 4019 1297 4132; baseline 0.005 -34"><span class='ocrx_word' id='word_1_225' title='bbox 146 4037 228 4098; x_wconf 87' lang='lat' dir='ltr'>tem</span> <span class='ocrx_word' id='word_1_226' title='bbox 250 4019 318 4097; x_wconf 88' lang='lat' dir='ltr'>nifi</span> <span class='ocrx_word' id='word_1_227' title='bbox 339 4021 380 4099; x_wconf 94' lang='lat' dir='ltr'>in</span> <span class='ocrx_word' id='word_1_228' title='bbox 401 4021 512 4127; x_wconf 87' lang='lat' dir='ltr'>regni</span> <span class='ocrx_word' id='word_1_229' title='bbox 527 4021 646 4100; x_wconf 88' lang='lat' dir='ltr'>curiis</span> <span class='ocrx_word' id='word_1_230' title='bbox 664 4041 704 4102; x_wconf 93' lang='lat' dir='ltr'>et</span> <span class='ocrx_word' id='word_1_231' title='bbox 723 4051 793 4132; x_wconf 90' lang='lat' dir='ltr'>per</span> <span class='ocrx_word' id='word_1_232' title='bbox 812 4050 887 4118; x_wconf 89' lang='lat' dir='ltr'>eas,</span> <span class='ocrx_word' id='word_1_233' title='bbox 909 4023 984 4102; x_wconf 84' lang='lat' dir='ltr'>effe</span> <span class='ocrx_word' id='word_1_234' title='bbox 1003 4024 1181 4104; x_wconf 89' lang='lat' dir='ltr'>nullam:</span> <span class='ocrx_word' id='word_1_235' title='bbox 1213 4026 1297 4104; x_wconf 92' lang='lat' dir='ltr'>imo</span> 
     </span>
     <span class='ocr_line' id='line_1_35' title="bbox 145 4131 1298 4245; baseline 0.008 -36"><span class='ocrx_word' id='word_1_236' title='bbox 145 4131 283 4240; x_wconf 92' lang='lat' dir='ltr'>populi</span> <span class='ocrx_word' id='word_1_237' title='bbox 303 4133 434 4240; x_wconf 90' lang='lat' dir='ltr'>potius</span> <span class='ocrx_word' id='word_1_238' title='bbox 448 4133 641 4211; x_wconf 91' lang='lat' dir='ltr'>ordinaria</span> <span class='ocrx_word' id='word_1_239' title='bbox 660 4135 717 4213; x_wconf 88' lang='lat' dir='ltr'>est</span> <span class='ocrx_word' id='word_1_240' title='bbox 734 4137 879 4231; x_wconf 90' lang='lat' dir='ltr'>omnis,</span> <span class='ocrx_word' id='word_1_241' title='bbox 903 4137 973 4244; x_wconf 95' lang='lat' dir='ltr'>qui</span> <span class='ocrx_word' id='word_1_242' title='bbox 992 4165 1063 4245; x_wconf 91' lang='lat' dir='ltr'>per</span> <span class='ocrx_word' id='word_1_243' title='bbox 1080 4136 1298 4218; x_wconf 91' lang='lat' dir='ltr'>duodecim</span> 
     </span>
     <span class='ocr_line' id='line_1_36' title="bbox 143 4243 1295 4356; baseline 0.009 -35"><span class='ocrx_word' id='word_1_244' title='bbox 143 4245 245 4323; x_wconf 87' lang='lat' dir='ltr'>viros</span> <span class='ocrx_word' id='word_1_245' title='bbox 262 4243 310 4323; x_wconf 90' lang='lat' dir='ltr'>de</span> <span class='ocrx_word' id='word_1_246' title='bbox 326 4244 510 4324; x_wconf 92' lang='lat' dir='ltr'>omnibus</span> <span class='ocrx_word' id='word_1_247' title='bbox 524 4244 687 4349; x_wconf 91' lang='lat' dir='ltr'>judicat.</span> <span class='ocrx_word' id='word_1_248' title='bbox 729 4246 970 4355; x_wconf 4' lang='lat' dir='ltr'>Atquephinc</span> <span class='ocrx_word' id='word_1_249' title='bbox 981 4247 1037 4327; x_wconf 91' lang='lat' dir='ltr'>est</span> <span class='ocrx_word' id='word_1_250' title='bbox 1050 4247 1160 4356; x_wconf 81' lang='lat' dir='ltr'>qubd</span> <span class='ocrx_word' id='word_1_251' title='bbox 1171 4251 1295 4331; x_wconf 91' lang='lat' dir='ltr'>inter-</span> 
     </span>
     <span class='ocr_line' id='line_1_37' title="bbox 145 4357 1296 4469; baseline 0.013 -38"><span class='ocrx_word' id='word_1_252' title='bbox 145 4375 301 4461; x_wconf 89' lang='lat' dir='ltr'>rogatus</span> <span class='ocrx_word' id='word_1_253' title='bbox 333 4357 506 4435; x_wconf 72' lang='lat' dir='ltr'>incurii</span> <span class='ocrx_word' id='word_1_254' title='bbox 534 4384 635 4450; x_wconf 90' lang='lat' dir='ltr'>reus,</span> <span class='ocrx_word' id='word_1_255' title='bbox 666 4358 744 4438; x_wconf 87' lang='lat' dir='ltr'>Cui</span> <span class='ocrx_word' id='word_1_256' title='bbox 757 4378 795 4439; x_wconf 85' lang='lat' dir='ltr'>te</span> <span class='ocrx_word' id='word_1_257' title='bbox 812 4361 1002 4469; x_wconf 81' lang='lat' dir='ltr'>permittis</span> <span class='ocrx_word' id='word_1_258' title='bbox 1019 4359 1296 4466; x_wconf 70' lang='lat' dir='ltr'>judicandum·</span> 
     </span>
    </p>
   </div>
   <div class='ocr_carea' id='block_1_4' title="bbox 0 0 1461 5204">
    <p class='ocr_par' dir='ltr' id='par_1_5' title="bbox 0 0 1461 5204">
     <span class='ocr_line' id='line_1_38' title="bbox 0 0 1461 5204; baseline 0 0"><span class='ocrx_word' id='word_1_259' title='bbox 0 0 1461 5204; x_wconf 95' lang='lat' dir='ltr'> </span> 
     </span>
    </p>
   </div>
  </div>
 </body>
</html>
