<?xml version="1.0" encoding="UTF-8"?>
<!DOCTYPE html PUBLIC "-//W3C//DTD XHTML 1.0 Transitional//EN"
    "http://www.w3.org/TR/xhtml1/DTD/xhtml1-transitional.dtd">
<html xmlns="http://www.w3.org/1999/xhtml" xml:lang="en" lang="en">
 <head>
  <title>
</title>
<meta http-equiv="Content-Type" content="text/html;charset=utf-8" />
  <meta name='ocr-system' content='tesseract 3.04.00' />
  <meta name='ocr-capabilities' content='ocr_page ocr_carea ocr_par ocr_line ocrx_word'/>
</head>
<body>
  <div class='ocr_page' id='page_1' title='image "./worksjohnmilton07miltgoog_0296.png"; bbox 0 0 2888 5204; ppageno 0'>
   <div class='ocr_carea' id='block_1_1' title="bbox 396 538 1211 673">
    <p class='ocr_par' dir='ltr' id='par_1_1' title="bbox 396 538 1211 673">
     <span class='ocr_line' id='line_1_1' title="bbox 396 538 1211 673; baseline 0.007 -33"><span class='ocrx_word' id='word_1_1' title='bbox 396 538 622 641; x_wconf 71' lang='lat' dir='ltr'>Defensio</span> <span class='ocrx_word' id='word_1_2' title='bbox 645 546 877 645; x_wconf 89' lang='lat' dir='ltr'>Secunda.</span> <span class='ocrx_word' id='word_1_3' title='bbox 1129 587 1211 673; x_wconf 85' lang='lat'>279</span> 
     </span>
    </p>
   </div>
   <div class='ocr_carea' id='block_1_2' title="bbox 123 719 1205 4869">
    <p class='ocr_par' dir='ltr' id='par_1_2' title="bbox 123 719 1205 4869">
     <span class='ocr_line' id='line_1_2' title="bbox 131 719 1205 828; baseline 0.007 -33"><span class='ocrx_word' id='word_1_4' title='bbox 131 743 295 827; x_wconf 86' lang='lat' dir='ltr'>magnas</span> <span class='ocrx_word' id='word_1_5' title='bbox 309 734 378 796; x_wconf 89' lang='lat' dir='ltr'>aut</span> <span class='ocrx_word' id='word_1_6' title='bbox 392 719 509 825; x_wconf 88' lang='lat' dir='ltr'>gerit,</span> <span class='ocrx_word' id='word_1_7' title='bbox 521 737 589 798; x_wconf 88' lang='lat' dir='ltr'>aut</span> <span class='ocrx_word' id='word_1_8' title='bbox 602 719 731 814; x_wconf 86' lang='lat' dir='ltr'>docet,</span> <span class='ocrx_word' id='word_1_9' title='bbox 748 739 816 800; x_wconf 89' lang='lat' dir='ltr'>aut</span> <span class='ocrx_word' id='word_1_10' title='bbox 830 719 949 828; x_wconf 70' lang='lat' dir='ltr'>digne</span> <span class='ocrx_word' id='word_1_11' title='bbox 966 720 1123 800; x_wconf 90' lang='lat' dir='ltr'>scribit:</span> <span class='ocrx_word' id='word_1_12' title='bbox 1145 749 1205 803; x_wconf 89' lang='lat' dir='ltr'>res</span> 
     </span>
     <span class='ocr_line' id='line_1_3' title="bbox 123 829 1203 939; baseline 0.004 -30"><span class='ocrx_word' id='word_1_13' title='bbox 123 856 192 909; x_wconf 91' lang='lat' dir='ltr'>em</span> <span class='ocrx_word' id='word_1_14' title='bbox 205 829 456 938; x_wconf 75' lang='lat' dir='ltr'>magnasunt</span> <span class='ocrx_word' id='word_1_15' title='bbox 473 830 573 925; x_wconf 87' lang='lat' dir='ltr'>solae,</span> <span class='ocrx_word' id='word_1_16' title='bbox 588 858 675 939; x_wconf 85' lang='lat' dir='ltr'>quae</span> <span class='ocrx_word' id='word_1_17' title='bbox 688 832 751 911; x_wconf 93' lang='lat' dir='ltr'>vel</span> <span class='ocrx_word' id='word_1_18' title='bbox 770 833 894 912; x_wconf 91' lang='lat' dir='ltr'>vitam</span> <span class='ocrx_word' id='word_1_19' title='bbox 914 830 1015 912; x_wconf 90' lang='lat' dir='ltr'>hanc</span> <span class='ocrx_word' id='word_1_20' title='bbox 1031 832 1203 915; x_wconf 87' lang='lat' dir='ltr'>nostram</span> 
     </span>
     <span class='ocr_line' id='line_1_4' title="bbox 124 942 1203 1035; baseline 0.003 -13"><span class='ocrx_word' id='word_1_21' title='bbox 124 943 234 1022; x_wconf 89' lang='lat' dir='ltr'>ciunt</span> <span class='ocrx_word' id='word_1_22' title='bbox 252 942 421 1035; x_wconf 84' lang='lat' dir='ltr'>beatam,</span> <span class='ocrx_word' id='word_1_23' title='bbox 444 961 512 1022; x_wconf 87' lang='lat' dir='ltr'>aut</span> <span class='ocrx_word' id='word_1_24' title='bbox 530 942 667 1023; x_wconf 88' lang='lat' dir='ltr'>saltem</span> <span class='ocrx_word' id='word_1_25' title='bbox 682 973 776 1025; x_wconf 90' lang='lat' dir='ltr'>cum</span> <span class='ocrx_word' id='word_1_26' title='bbox 798 943 1000 1024; x_wconf 88' lang='lat' dir='ltr'>honestate</span> <span class='ocrx_word' id='word_1_27' title='bbox 1022 971 1203 1026; x_wconf 90' lang='lat' dir='ltr'>commo-</span> 
     </span>
     <span class='ocr_line' id='line_1_5' title="bbox 124 1054 1203 1162; baseline 0.003 -28"><span class='ocrx_word' id='word_1_28' title='bbox 124 1081 150 1134; x_wconf 91' lang='lat' dir='ltr'>u</span> <span class='ocrx_word' id='word_1_29' title='bbox 168 1072 285 1162; x_wconf 90' lang='lat' dir='ltr'>atque</span> <span class='ocrx_word' id='word_1_30' title='bbox 296 1054 531 1160; x_wconf 89' lang='lat' dir='ltr'>jucundam,</span> <span class='ocrx_word' id='word_1_31' title='bbox 550 1056 614 1135; x_wconf 91' lang='lat' dir='ltr'>vel</span> <span class='ocrx_word' id='word_1_32' title='bbox 633 1055 681 1135; x_wconf 87' lang='lat' dir='ltr'>ad</span> <span class='ocrx_word' id='word_1_33' title='bbox 701 1057 863 1137; x_wconf 88' lang='lat' dir='ltr'>alteram</span> <span class='ocrx_word' id='word_1_34' title='bbox 882 1057 1033 1138; x_wconf 90' lang='lat' dir='ltr'>ducunt</span> <span class='ocrx_word' id='word_1_35' title='bbox 1051 1057 1203 1137; x_wconf 90' lang='lat' dir='ltr'>beatio·</span> 
     </span>
     <span class='ocr_line' id='line_1_6' title="bbox 124 1165 1201 1278; baseline 0.004 -32.36"><span class='ocrx_word' id='word_1_36' title='bbox 124 1167 376 1247; x_wconf 82' lang='grc' dir='ltr'>1.Ηο111111</span> <span class='ocrx_word' id='word_1_37' title='bbox 395 1165 489 1247; x_wconf 83' lang='lat' dir='ltr'>verb</span> <span class='ocrx_word' id='word_1_38' title='bbox 511 1167 716 1248; x_wconf 85' lang='lat' dir='ltr'>Salmasrus</span> <span class='ocrx_word' id='word_1_39' title='bbox 741 1169 838 1278; x_wconf 92' lang='lat' dir='ltr'>quid</span> <span class='ocrx_word' id='word_1_40' title='bbox 861 1168 970 1276; x_wconf 84' lang='lat' dir='ltr'>egit?</span> <span class='ocrx_word' id='word_1_41' title='bbox 999 1171 1082 1277; x_wconf 85' lang='lat' dir='ltr'>egit</span> <span class='ocrx_word' id='word_1_42' title='bbox 1108 1169 1201 1250; x_wconf 80' lang='lat' dir='ltr'>verb</span> 
     </span>
     <span class='ocr_line' id='line_1_7' title="bbox 124 1194 1201 1391; baseline 0.003 -32"><span class='ocrx_word' id='word_1_43' title='bbox 124 1194 182 1374; x_wconf 95' lang='grc'>11,</span> <span class='ocrx_word' id='word_1_44' title='bbox 210 1279 307 1386; x_wconf 92' lang='lat' dir='ltr'>quid</span> <span class='ocrx_word' id='word_1_45' title='bbox 325 1296 459 1358; x_wconf 87' lang='lat' dir='ltr'>autem</span> <span class='ocrx_word' id='word_1_46' title='bbox 477 1280 613 1360; x_wconf 91' lang='lat' dir='ltr'>docuit</span> <span class='ocrx_word' id='word_1_47' title='bbox 630 1298 698 1360; x_wconf 93' lang='lat' dir='ltr'>aut</span> <span class='ocrx_word' id='word_1_48' title='bbox 715 1279 863 1391; x_wconf 88' lang='lat' dir='ltr'>scripsit</span> <span class='ocrx_word' id='word_1_49' title='bbox 880 1284 1100 1388; x_wconf 84' lang='lat' dir='ltr'>magnum?</span> <span class='ocrx_word' id='word_1_50' title='bbox 1130 1283 1201 1363; x_wconf 87' lang='lat' dir='ltr'>nisr</span> 
     </span>
     <span class='ocr_line' id='line_1_8' title="bbox 124 1390 1201 1505; baseline 0.004 -35"><span class='ocrx_word' id='word_1_51' title='bbox 124 1410 158 1471; x_wconf 91' lang='lat' dir='ltr'>te</span> <span class='ocrx_word' id='word_1_52' title='bbox 173 1410 309 1471; x_wconf 88' lang='lat' dir='ltr'>contra</span> <span class='ocrx_word' id='word_1_53' title='bbox 320 1390 551 1500; x_wconf 85' lang='lat' dir='ltr'>Episcopos,</span> <span class='ocrx_word' id='word_1_54' title='bbox 567 1410 607 1471; x_wconf 90' lang='lat' dir='ltr'>et</span> <span class='ocrx_word' id='word_1_55' title='bbox 622 1393 839 1502; x_wconf 87' lang='lat' dir='ltr'>primatum</span> <span class='ocrx_word' id='word_1_56' title='bbox 855 1394 983 1503; x_wconf 88' lang='lat' dir='ltr'>Papae,</span> <span class='ocrx_word' id='word_1_57' title='bbox 997 1394 1104 1502; x_wconf 91' lang='lat' dir='ltr'>quod</span> <span class='ocrx_word' id='word_1_58' title='bbox 1120 1393 1201 1505; x_wconf 92' lang='lat' dir='ltr'>ipse</span> 
     </span>
     <span class='ocr_line' id='line_1_9' title="bbox 124 1502 1202 1617; baseline 0.003 -34"><span class='ocrx_word' id='word_1_59' title='bbox 124 1502 189 1583; x_wconf 84' lang='lat' dir='ltr'>lea</span> <span class='ocrx_word' id='word_1_60' title='bbox 206 1523 247 1584; x_wconf 90' lang='lat' dir='ltr'>et</span> <span class='ocrx_word' id='word_1_61' title='bbox 262 1503 338 1582; x_wconf 92' lang='lat' dir='ltr'>suis</span> <span class='ocrx_word' id='word_1_62' title='bbox 355 1502 545 1597; x_wconf 89' lang='lat' dir='ltr'>moribus,</span> <span class='ocrx_word' id='word_1_63' title='bbox 568 1522 609 1583; x_wconf 94' lang='lat' dir='ltr'>et</span> <span class='ocrx_word' id='word_1_64' title='bbox 632 1505 747 1584; x_wconf 91' lang='lat' dir='ltr'>aliis</span> <span class='ocrx_word' id='word_1_65' title='bbox 734 1533 777 1584; x_wconf 90' lang='lat' dir='ltr'>m</span> <span class='ocrx_word' id='word_1_66' title='bbox 796 1532 866 1585; x_wconf 91' lang='lat' dir='ltr'>nos</span> <span class='ocrx_word' id='word_1_67' title='bbox 885 1534 957 1615; x_wconf 92' lang='lat' dir='ltr'>pro</span> <span class='ocrx_word' id='word_1_68' title='bbox 976 1506 1202 1617; x_wconf 89' lang='lat' dir='ltr'>episcopatu</span> 
     </span>
     <span class='ocr_line' id='line_1_10' title="bbox 124 1615 1202 1728; baseline 0.003 -32.008"><span class='ocrx_word' id='word_1_69' title='bbox 124 1615 220 1725; x_wconf 86' lang='lat' dir='ltr'>ptis,</span> <span class='ocrx_word' id='word_1_70' title='bbox 240 1633 484 1696; x_wconf 84' lang='lat' dir='ltr'>recantatum</span> <span class='ocrx_word' id='word_1_71' title='bbox 513 1617 671 1724; x_wconf 87' lang='lat' dir='ltr'>penitus</span> <span class='ocrx_word' id='word_1_72' title='bbox 694 1616 846 1697; x_wconf 87' lang='lat' dir='ltr'>evertit.</span> <span class='ocrx_word' id='word_1_73' title='bbox 905 1618 1080 1725; x_wconf 88' lang='lat' dir='ltr'>Magnus</span> <span class='ocrx_word' id='word_1_74' title='bbox 1106 1646 1202 1728; x_wconf 90' lang='lat' dir='ltr'>ergo</span> 
     </span>
     <span class='ocr_line' id='line_1_11' title="bbox 124 1726 1201 1838; baseline 0.002 -31.007"><span class='ocrx_word' id='word_1_75' title='bbox 124 1746 220 1838; x_wconf 92' lang='lat' dir='ltr'>ptor</span> <span class='ocrx_word' id='word_1_76' title='bbox 237 1727 316 1809; x_wconf 91' lang='lat' dir='ltr'>dici</span> <span class='ocrx_word' id='word_1_77' title='bbox 336 1753 416 1807; x_wconf 94' lang='lat' dir='ltr'>non</span> <span class='ocrx_word' id='word_1_78' title='bbox 435 1726 567 1821; x_wconf 89' lang='lat' dir='ltr'>debet,</span> <span class='ocrx_word' id='word_1_79' title='bbox 593 1729 663 1836; x_wconf 95' lang='lat' dir='ltr'>qui</span> <span class='ocrx_word' id='word_1_80' title='bbox 688 1747 756 1808; x_wconf 89' lang='lat' dir='ltr'>aut</span> <span class='ocrx_word' id='word_1_81' title='bbox 781 1726 883 1808; x_wconf 91' lang='lat' dir='ltr'><strong>nihil</strong></span> <span class='ocrx_word' id='word_1_82' title='bbox 902 1757 1109 1838; x_wconf 89' lang='lat' dir='ltr'>magnum,</span> <span class='ocrx_word' id='word_1_83' title='bbox 1133 1749 1201 1810; x_wconf 89' lang='lat' dir='ltr'>aut</span> 
     </span>
     <span class='ocr_line' id='line_1_12' title="bbox 124 1839 1199 1950; baseline 0.001 -31"><span class='ocrx_word' id='word_1_84' title='bbox 124 1839 163 1919; x_wconf 81' lang='lat' dir='ltr'>&gt;d</span> <span class='ocrx_word' id='word_1_85' title='bbox 176 1840 376 1949; x_wconf 92' lang='lat' dir='ltr'>optimum</span> <span class='ocrx_word' id='word_1_86' title='bbox 390 1841 433 1919; x_wconf 93' lang='lat' dir='ltr'>in</span> <span class='ocrx_word' id='word_1_87' title='bbox 452 1841 532 1919; x_wconf 89' lang='lat' dir='ltr'>vita</span> <span class='ocrx_word' id='word_1_88' title='bbox 546 1839 759 1950; x_wconf 83' lang='lat' dir='ltr'>scripserat,</span> <span class='ocrx_word' id='word_1_89' title='bbox 771 1868 808 1920; x_wconf 87' lang='lat' dir='ltr'>er</span> <span class='ocrx_word' id='word_1_90' title='bbox 797 1839 1033 1922; x_wconf 87' lang='lat' dir='ltr'>foedissrme</span> <span class='ocrx_word' id='word_1_91' title='bbox 1053 1870 1199 1925; x_wconf 88' lang='lat' dir='ltr'>renun-</span> 
     </span>
     <span class='ocr_line' id='line_1_13' title="bbox 124 1952 1202 2081; baseline 0.002 -49"><span class='ocrx_word' id='word_1_92' title='bbox 124 1953 186 2033; x_wconf 83' lang='grc'>111.</span> <span class='ocrx_word' id='word_1_93' title='bbox 245 1953 468 2032; x_wconf 85' lang='lat' dir='ltr'>Literarum</span> <span class='ocrx_word' id='word_1_94' title='bbox 484 1952 667 2081; x_wconf 41' lang='lat' dir='ltr'>princeps·</span> <span class='ocrx_word' id='word_1_95' title='bbox 682 1971 726 2033; x_wconf 94' lang='lat' dir='ltr'>ut</span> <span class='ocrx_word' id='word_1_96' title='bbox 752 1952 812 2047; x_wconf 89' lang='lat' dir='ltr'>fit,</span> <span class='ocrx_word' id='word_1_97' title='bbox 837 1972 877 2033; x_wconf 89' lang='lat' dir='ltr'>et</span> <span class='ocrx_word' id='word_1_98' title='bbox 895 1952 1113 2063; x_wconf 89' lang='lat' dir='ltr'>Alphabeti</span> <span class='ocrx_word' id='word_1_99' title='bbox 1131 1982 1202 2064; x_wconf 92' lang='lat' dir='ltr'>per</span> 
     </span>
     <span class='ocr_line' id='line_1_14' title="bbox 136 2063 1200 2174; baseline 0.002 -31"><span class='ocrx_word' id='word_1_100' title='bbox 136 2063 242 2157; x_wconf 92' lang='lat' dir='ltr'>licet,</span> <span class='ocrx_word' id='word_1_101' title='bbox 255 2084 295 2144; x_wconf 92' lang='lat' dir='ltr'>at</span> <span class='ocrx_word' id='word_1_102' title='bbox 310 2093 402 2145; x_wconf 90' lang='lat' dir='ltr'>vero</span> <span class='ocrx_word' id='word_1_103' title='bbox 418 2065 491 2144; x_wconf 92' lang='lat' dir='ltr'>tibi</span> <span class='ocrx_word' id='word_1_104' title='bbox 510 2092 589 2144; x_wconf 94' lang='lat' dir='ltr'>non</span> <span class='ocrx_word' id='word_1_105' title='bbox 594 2064 770 2174; x_wconf 80' lang='lat' dir='ltr'>princeps</span> <span class='ocrx_word' id='word_1_106' title='bbox 785 2066 905 2146; x_wconf 91' lang='lat' dir='ltr'>modo</span> <span class='ocrx_word' id='word_1_107' title='bbox 916 2067 1114 2147; x_wconf 87' lang='lat' dir='ltr'>literarum</span> <span class='ocrx_word' id='word_1_108' title='bbox 1128 2065 1200 2160; x_wconf 88' lang='lat' dir='ltr'>est,</span> 
     </span>
     <span class='ocr_line' id='line_1_15' title="bbox 123 2176 1201 2288; baseline 0.002 -32"><span class='ocrx_word' id='word_1_109' title='bbox 123 2193 462 2285; x_wconf 83' lang='lat' dir='ltr'>patronusregum,</span> <span class='ocrx_word' id='word_1_110' title='bbox 468 2176 847 2288; x_wconf 85' lang='lat' dir='ltr'>etpatronusquidem</span> <span class='ocrx_word' id='word_1_111' title='bbox 858 2176 1120 2285; x_wconf 90' lang='lat' dir='ltr'>dignustantis</span> <span class='ocrx_word' id='word_1_112' title='bbox 1131 2179 1201 2260; x_wconf 84' lang='lat' dir='ltr'>cli-</span> 
     </span>
     <span class='ocr_line' id='line_1_16' title="bbox 124 2286 1203 2397; baseline 0.003 -30"><span class='ocrx_word' id='word_1_113' title='bbox 124 2286 210 2368; x_wconf 82' lang='lat' dir='ltr'>bus.</span> <span class='ocrx_word' id='word_1_114' title='bbox 271 2286 442 2369; x_wconf 89' lang='lat' dir='ltr'>Pulchre</span> <span class='ocrx_word' id='word_1_115' title='bbox 461 2307 504 2370; x_wconf 94' lang='lat' dir='ltr'>tu</span> <span class='ocrx_word' id='word_1_116' title='bbox 524 2289 688 2396; x_wconf 89' lang='lat' dir='ltr'>quidem</span> <span class='ocrx_word' id='word_1_117' title='bbox 708 2287 865 2397; x_wconf 86' lang='lat' dir='ltr'>regibus</span> <span class='ocrx_word' id='word_1_118' title='bbox 889 2289 1129 2385; x_wconf 91' lang='lat' dir='ltr'>consuluisti,</span> <span class='ocrx_word' id='word_1_119' title='bbox 1157 2308 1203 2370; x_wconf 93' lang='lat' dir='ltr'>ut</span> 
     </span>
     <span class='ocr_line' id='line_1_17' title="bbox 124 2399 1201 2510; baseline 0.001 -30"><span class='ocrx_word' id='word_1_120' title='bbox 124 2399 247 2480; x_wconf 78' lang='lat' dir='ltr'>tatros</span> <span class='ocrx_word' id='word_1_121' title='bbox 258 2399 426 2509; x_wconf 85' lang='lat' dir='ltr'>rnfignes</span> <span class='ocrx_word' id='word_1_122' title='bbox 439 2400 589 2494; x_wconf 86' lang='lat' dir='ltr'>titulos,</span> <span class='ocrx_word' id='word_1_123' title='bbox 603 2400 945 2481; x_wconf 87' lang='lat' dir='ltr'>ClaudnSalmasn</span> <span class='ocrx_word' id='word_1_124' title='bbox 956 2402 1118 2482; x_wconf 74' lang='lat' dir='ltr'>clientes</span> <span class='ocrx_word' id='word_1_125' title='bbox 1129 2429 1201 2510; x_wconf 88' lang='lat' dir='ltr'>ap</span> 
     </span>
     <span class='ocr_line' id='line_1_18' title="bbox 124 2510 1201 2621; baseline 0.003 -29"><span class='ocrx_word' id='word_1_126' title='bbox 124 2510 263 2593; x_wconf 88' lang='lat' dir='ltr'>lentur.</span> <span class='ocrx_word' id='word_1_127' title='bbox 322 2515 381 2599; x_wconf 85' lang='lat' dir='ltr'>Ea</span> <span class='ocrx_word' id='word_1_128' title='bbox 405 2513 598 2593; x_wconf 92' lang='lat' dir='ltr'>nimirum</span> <span class='ocrx_word' id='word_1_129' title='bbox 621 2513 709 2621; x_wconf 88' lang='lat' dir='ltr'>lege</span> <span class='ocrx_word' id='word_1_130' title='bbox 728 2513 925 2593; x_wconf 91' lang='lat' dir='ltr'>solvimini</span> <span class='ocrx_word' id='word_1_131' title='bbox 942 2516 1092 2594; x_wconf 71' lang='lat' dir='ltr'>cunstis</span> <span class='ocrx_word' id='word_1_132' title='bbox 1114 2513 1201 2595; x_wconf 84' lang='lat' dir='ltr'>aliis</span> 
     </span>
     <span class='ocr_line' id='line_1_19' title="bbox 124 2623 1200 2732; baseline 0.003 -28"><span class='ocrx_word' id='word_1_133' title='bbox 124 2623 205 2705; x_wconf 88' lang='lat' dir='ltr'>ibus</span> <span class='ocrx_word' id='word_1_134' title='bbox 222 2626 368 2732; x_wconf 84' lang='lat' dir='ltr'>Reges,</span> <span class='ocrx_word' id='word_1_135' title='bbox 388 2643 433 2706; x_wconf 93' lang='lat' dir='ltr'>ut</span> <span class='ocrx_word' id='word_1_136' title='bbox 451 2626 493 2704; x_wconf 90' lang='lat' dir='ltr'>in</span> <span class='ocrx_word' id='word_1_137' title='bbox 512 2625 737 2705; x_wconf 88' lang='lat' dir='ltr'>clientelam</span> <span class='ocrx_word' id='word_1_138' title='bbox 752 2625 1026 2707; x_wconf 89' lang='lat' dir='ltr'>Grammatico</span> <span class='ocrx_word' id='word_1_139' title='bbox 1042 2624 1200 2707; x_wconf 89' lang='lat' dir='ltr'>tradatis</span> 
     </span>
     <span class='ocr_line' id='line_1_20' title="bbox 134 2735 1205 2847; baseline 0.002 -31"><span class='ocrx_word' id='word_1_140' title='bbox 134 2737 335 2833; x_wconf 84' lang='lat' dir='ltr'>Salmalio,</span> <span class='ocrx_word' id='word_1_141' title='bbox 355 2738 504 2847; x_wconf 91' lang='lat' dir='ltr'>sceptra</span> <span class='ocrx_word' id='word_1_142' title='bbox 520 2735 653 2818; x_wconf 77' lang='lat' dir='ltr'>ferula</span> <span class='ocrx_word' id='word_1_143' title='bbox 667 2737 929 2818; x_wconf 87' lang='lat' dir='ltr'>submittatis.</span> <span class='ocrx_word' id='word_1_144' title='bbox 954 2736 1205 2818; x_wconf 84' lang='lat' dir='ltr'>Debebunt</span> <span class='ocrx_word' id='word_1_145' title='bbox 1167 2767 1201 2819; x_wconf 84' lang='lat' dir='ltr'>et</span> 
     </span>
     <span class='ocr_line' id='line_1_21' title="bbox 124 2830 1200 2958; baseline 0 -29"><span class='ocrx_word' id='word_1_146' title='bbox 124 2875 186 2955; x_wconf 66' lang='lat' dir='ltr'>ses,</span> <span class='ocrx_word' id='word_1_147' title='bbox 206 2847 543 2958; x_wconf 80' lang='lat' dir='ltr'>dumstabitorbis,</span> <span class='ocrx_word' id='word_1_148' title='bbox 562 2848 758 2957; x_wconf 84' lang='lat' dir='ltr'>dignitatis</span> <span class='ocrx_word' id='word_1_149' title='bbox 776 2849 891 2956; x_wconf 77' lang='lat' dir='ltr'>etsta!</span> <span class='ocrx_word' id='word_1_150' title='bbox 888 2847 1057 2956; x_wconf 83' lang='lat' dir='ltr'>utissuae</span> <span class='ocrx_word' id='word_1_151' title='bbox 1073 2830 1200 2930; x_wconf 87' lang='lat' dir='ltr'>vindi</span> 
     </span>
     <span class='ocr_line' id='line_1_22' title="bbox 124 2960 1199 3071; baseline 0 -29"><span class='ocrx_word' id='word_1_152' title='bbox 124 2962 352 3043; x_wconf 62' lang='lat' dir='ltr'>zAudite</span> <span class='ocrx_word' id='word_1_153' title='bbox 379 2961 595 3071; x_wconf 90' lang='lat' dir='ltr'>Principes,</span> <span class='ocrx_word' id='word_1_154' title='bbox 625 2962 695 3071; x_wconf 92' lang='lat' dir='ltr'>qui</span> <span class='ocrx_word' id='word_1_155' title='bbox 723 2960 885 3071; x_wconf 67' lang='lat' dir='ltr'>peffime</span> <span class='ocrx_word' id='word_1_156' title='bbox 910 2989 978 3042; x_wconf 91' lang='lat' dir='ltr'>vos</span> <span class='ocrx_word' id='word_1_157' title='bbox 1006 2960 1199 3056; x_wconf 86' lang='lat' dir='ltr'>defendit,</span> 
     </span>
     <span class='ocr_line' id='line_1_23' title="bbox 124 3073 1197 3184; baseline 0.001 -31"><span class='ocrx_word' id='word_1_158' title='bbox 124 3100 180 3153; x_wconf 92' lang='lat' dir='ltr'>no</span> <span class='ocrx_word' id='word_1_159' title='bbox 199 3100 248 3153; x_wconf 95' lang='lat' dir='ltr'>ne</span> <span class='ocrx_word' id='word_1_160' title='bbox 271 3073 448 3154; x_wconf 87' lang='lat' dir='ltr'>defendit</span> <span class='ocrx_word' id='word_1_161' title='bbox 467 3073 646 3183; x_wconf 92' lang='lat' dir='ltr'>quidem,</span> <span class='ocrx_word' id='word_1_162' title='bbox 670 3101 789 3153; x_wconf 91' lang='lat' dir='ltr'>nemo</span> <span class='ocrx_word' id='word_1_163' title='bbox 808 3075 916 3153; x_wconf 87' lang='lat' dir='ltr'>enim</span> <span class='ocrx_word' id='word_1_164' title='bbox 936 3075 1197 3184; x_wconf 87' lang='lat' dir='ltr'>oppugnavit,</span> 
     </span>
     <span class='ocr_line' id='line_1_24' title="bbox 124 3184 1198 3296; baseline 0.001 -31"><span class='ocrx_word' id='word_1_165' title='bbox 124 3185 286 3266; x_wconf 89' lang='lat' dir='ltr'>nitatem</span> <span class='ocrx_word' id='word_1_166' title='bbox 310 3205 350 3266; x_wconf 95' lang='lat' dir='ltr'>et</span> <span class='ocrx_word' id='word_1_167' title='bbox 375 3185 540 3265; x_wconf 89' lang='lat' dir='ltr'>salutem</span> <span class='ocrx_word' id='word_1_168' title='bbox 566 3185 730 3266; x_wconf 79' lang='lat' dir='ltr'>vestram</span> <span class='ocrx_word' id='word_1_169' title='bbox 760 3184 831 3265; x_wconf 84' lang='lat' dir='ltr'>fibi</span> <span class='ocrx_word' id='word_1_170' title='bbox 858 3187 1044 3296; x_wconf 88' lang='lat' dir='ltr'>imputat.</span> <span class='ocrx_word' id='word_1_171' title='bbox 1103 3187 1198 3266; x_wconf 93' lang='lat' dir='ltr'>Hoc</span> 
     </span>
     <span class='ocr_line' id='line_1_25' title="bbox 124 3296 1197 3408; baseline 0.001 -32"><span class='ocrx_word' id='word_1_172' title='bbox 124 3324 195 3408; x_wconf 83' lang='lat' dir='ltr'>ope</span> <span class='ocrx_word' id='word_1_173' title='bbox 227 3297 353 3377; x_wconf 94' lang='lat' dir='ltr'>solum</span> <span class='ocrx_word' id='word_1_174' title='bbox 381 3296 612 3406; x_wconf 90' lang='lat' dir='ltr'>consequuti</span> <span class='ocrx_word' id='word_1_175' title='bbox 645 3297 747 3391; x_wconf 91' lang='lat' dir='ltr'>sunt,</span> <span class='ocrx_word' id='word_1_176' title='bbox 781 3298 851 3406; x_wconf 92' lang='lat' dir='ltr'>qui</span> <span class='ocrx_word' id='word_1_177' title='bbox 881 3296 1197 3408; x_wconf 78' lang='lat' dir='ltr'>superbissimum</span> 
     </span>
     <span class='ocr_line' id='line_1_26' title="bbox 124 3408 1197 3518; baseline -0.001 -28"><span class='ocrx_word' id='word_1_178' title='bbox 124 3410 372 3491; x_wconf 87' lang='lat' dir='ltr'>tmmaticum</span> <span class='ocrx_word' id='word_1_179' title='bbox 386 3409 614 3490; x_wconf 86' lang='lat' dir='ltr'>sustinendis</span> <span class='ocrx_word' id='word_1_180' title='bbox 633 3437 774 3518; x_wconf 88' lang='lat' dir='ltr'>regum</span> <span class='ocrx_word' id='word_1_181' title='bbox 794 3409 1009 3490; x_wconf 87' lang='lat' dir='ltr'>rationibus</span> <span class='ocrx_word' id='word_1_182' title='bbox 1027 3437 1079 3489; x_wconf 87' lang='lat' dir='ltr'>ex</span> <span class='ocrx_word' id='word_1_183' title='bbox 1093 3408 1197 3489; x_wconf 89' lang='lat' dir='ltr'>tine-</span> 
     </span>
     <span class='ocr_line' id='line_1_27' title="bbox 124 3519 1197 3632; baseline -0.002 -30"><span class='ocrx_word' id='word_1_184' title='bbox 124 3549 164 3601; x_wconf 91' lang='lat' dir='ltr'>m</span> <span class='ocrx_word' id='word_1_185' title='bbox 182 3540 223 3602; x_wconf 91' lang='lat' dir='ltr'>et</span> <span class='ocrx_word' id='word_1_186' title='bbox 239 3521 452 3602; x_wconf 90' lang='lat' dir='ltr'>blattarum</span> <span class='ocrx_word' id='word_1_187' title='bbox 467 3519 555 3602; x_wconf 93' lang='lat' dir='ltr'>foro</span> <span class='ocrx_word' id='word_1_188' title='bbox 573 3522 824 3602; x_wconf 89' lang='lat' dir='ltr'>advocarunt.</span> <span class='ocrx_word' id='word_1_189' title='bbox 856 3521 935 3602; x_wconf 90' lang='lat' dir='ltr'>Cui</span> <span class='ocrx_word' id='word_1_190' title='bbox 943 3538 1122 3632; x_wconf 89' lang='lat' dir='ltr'>quantum</span> <span class='ocrx_word' id='word_1_191' title='bbox 1135 3551 1197 3601; x_wconf 86' lang='lat' dir='ltr'>rer</span> 
     </span>
     <span class='ocr_line' id='line_1_28' title="bbox 124 3632 1195 3740; baseline -0.002 -25"><span class='ocrx_word' id='word_1_192' title='bbox 124 3634 170 3728; x_wconf 84' lang='lat' dir='ltr'>ia,</span> <span class='ocrx_word' id='word_1_193' title='bbox 188 3634 416 3715; x_wconf 77' lang='lat' dir='ltr'>tantumdem</span> <span class='ocrx_word' id='word_1_194' title='bbox 436 3635 547 3716; x_wconf 88' lang='lat' dir='ltr'>etiam</span> <span class='ocrx_word' id='word_1_195' title='bbox 575 3635 720 3740; x_wconf 73' lang='lat' dir='ltr'>ecclasta</span> <span class='ocrx_word' id='word_1_196' title='bbox 747 3632 902 3728; x_wconf 85' lang='lat' dir='ltr'>debebit,</span> <span class='ocrx_word' id='word_1_197' title='bbox 928 3660 1007 3713; x_wconf 88' lang='lat' dir='ltr'>non</span> <span class='ocrx_word' id='word_1_198' title='bbox 1034 3632 1195 3714; x_wconf 88' lang='lat' dir='ltr'>laudem</span> 
     </span>
     <span class='ocr_line' id='line_1_29' title="bbox 124 3744 1194 3874; baseline 0 -48"><span class='ocrx_word' id='word_1_199' title='bbox 124 3774 151 3841; x_wconf 79' lang='grc'>1,</span> <span class='ocrx_word' id='word_1_200' title='bbox 190 3745 255 3827; x_wconf 89' lang='lat' dir='ltr'>sed</span> <span class='ocrx_word' id='word_1_201' title='bbox 287 3747 572 3827; x_wconf 86' lang='lat' dir='ltr'>meritiffimam</span> <span class='ocrx_word' id='word_1_202' title='bbox 606 3745 761 3826; x_wconf 87' lang='lat' dir='ltr'>desertae</span> <span class='ocrx_word' id='word_1_203' title='bbox 789 3745 863 3826; x_wconf 86' lang='lat' dir='ltr'>suae</span> <span class='ocrx_word' id='word_1_204' title='bbox 895 3744 1015 3826; x_wconf 85' lang='lat' dir='ltr'>causae</span> <span class='ocrx_word' id='word_1_205' title='bbox 1043 3763 1194 3874; x_wconf 80' lang='lat' dir='ltr'>notam.</span> 
     </span>
     <span class='ocr_line' id='line_1_30' title="bbox 124 3855 1194 3987; baseline -0.002 -49"><span class='ocrx_word' id='word_1_206' title='bbox 124 3884 175 3939; x_wconf 93' lang='lat' dir='ltr'>nc</span> <span class='ocrx_word' id='word_1_207' title='bbox 193 3859 235 3938; x_wconf 90' lang='lat' dir='ltr'>in</span> <span class='ocrx_word' id='word_1_208' title='bbox 253 3857 386 3940; x_wconf 88' lang='lat' dir='ltr'>laudes</span> <span class='ocrx_word' id='word_1_209' title='bbox 405 3857 617 3939; x_wconf 89' lang='lat' dir='ltr'>effunderis</span> <span class='ocrx_word' id='word_1_210' title='bbox 632 3856 881 3938; x_wconf 87' lang='lat' dir='ltr'>Defenfionis</span> <span class='ocrx_word' id='word_1_211' title='bbox 900 3855 1194 3987; x_wconf 32' lang='grc' dir='ltr'>1131110113εηὶ-</span> 
     </span>
     <span class='ocr_line' id='line_1_31' title="bbox 137 3967 1194 4100; baseline -0.003 -48"><span class='ocrx_word' id='word_1_212' title='bbox 137 3967 555 4079; x_wconf 71' lang='grc'>11111111111,11]111111111</span> <span class='ocrx_word' id='word_1_213' title='bbox 566 3986 683 4084; x_wconf 79' lang='lat' dir='ltr'>prope</span> <span class='ocrx_word' id='word_1_214' title='bbox 697 3971 824 4050; x_wconf 79' lang='lat' dir='ltr'>¹rarum</span> <span class='ocrx_word' id='word_1_215' title='bbox 836 3969 952 4100; x_wconf 66' lang='lat' dir='ltr'>ustam</span> <span class='ocrx_word' id='word_1_216' title='bbox 972 3988 1010 4051; x_wconf 84' lang='lat' dir='ltr'>at</span> <span class='ocrx_word' id='word_1_217' title='bbox 1027 3968 1194 4051; x_wconf 86' lang='lat' dir='ltr'>intimum</span> 
     </span>
     <span class='ocr_line' id='line_1_32' title="bbox 124 4082 1193 4193; baseline -0.001 -28.993"><span class='ocrx_word' id='word_1_218' title='bbox 124 4082 617 4193; x_wconf 76' lang='lat' dir='ltr'>iatprafanijurispenum,</span> <span class='ocrx_word' id='word_1_219' title='bbox 623 4082 1004 4164; x_wconf 80' lang='lat' dir='ltr'>concitataearationis</span> <span class='ocrx_word' id='word_1_220' title='bbox 1013 4083 1193 4192; x_wconf 85' lang='lat' dir='ltr'>vigorem,</span> 
     </span>
     <span class='ocr_line' id='line_1_33' title="bbox 124 4193 1192 4305; baseline -0.001 -28"><span class='ocrx_word' id='word_1_221' title='bbox 124 4193 1192 4305; x_wconf 69' lang='lat' dir='ltr'>uentmmfacundaamaureiilliusoperriadmiraris,quo-</span> 
     </span>
     <span class='ocr_line' id='line_1_34' title="bbox 124 4304 1193 4417; baseline -0.001 -29"><span class='ocrx_word' id='word_1_222' title='bbox 124 4336 140 4388; x_wconf 88' lang='grc'>1</span> <span class='ocrx_word' id='word_1_223' title='bbox 158 4335 253 4389; x_wconf 92' lang='lat' dir='ltr'>cum</span> <span class='ocrx_word' id='word_1_224' title='bbox 272 4304 373 4388; x_wconf 93' lang='lat' dir='ltr'>nihil</span> <span class='ocrx_word' id='word_1_225' title='bbox 391 4306 541 4388; x_wconf 74' lang='lat' dir='ltr'>affixisse</span> <span class='ocrx_word' id='word_1_226' title='bbox 556 4304 713 4388; x_wconf 91' lang='lat' dir='ltr'>homini</span> <span class='ocrx_word' id='word_1_227' title='bbox 726 4308 936 4402; x_wconf 88' lang='lat' dir='ltr'>contendo,</span> <span class='ocrx_word' id='word_1_228' title='bbox 950 4305 1064 4417; x_wconf 90' lang='lat' dir='ltr'>(quid</span> <span class='ocrx_word' id='word_1_229' title='bbox 1082 4308 1193 4387; x_wconf 90' lang='lat' dir='ltr'>enim</span> 
     </span>
     <span class='ocr_line' id='line_1_35' title="bbox 124 4416 1192 4528; baseline -0.001 -28"><span class='ocrx_word' id='word_1_230' title='bbox 124 4420 233 4502; x_wconf 86' lang='lat' dir='ltr'>nafio</span> <span class='ocrx_word' id='word_1_231' title='bbox 258 4448 352 4500; x_wconf 90' lang='lat' dir='ltr'>cum</span> <span class='ocrx_word' id='word_1_232' title='bbox 374 4418 642 4528; x_wconf 83' lang='lat' dir='ltr'>eloquentiai)</span> <span class='ocrx_word' id='word_1_233' title='bbox 666 4438 752 4499; x_wconf 94' lang='lat' dir='ltr'>tum</span> <span class='ocrx_word' id='word_1_234' title='bbox 771 4446 938 4500; x_wconf 89' lang='lat' dir='ltr'>aureum</span> <span class='ocrx_word' id='word_1_235' title='bbox 956 4416 1069 4499; x_wconf 81' lang='lat' dir='ltr'>fuisse</span> <span class='ocrx_word' id='word_1_236' title='bbox 1093 4418 1192 4499; x_wconf 91' lang='lat' dir='ltr'>illud</span> 
     </span>
     <span class='ocr_line' id='line_1_36' title="bbox 124 4528 1194 4625; baseline -0.002 -13"><span class='ocrx_word' id='word_1_237' title='bbox 124 4532 230 4614; x_wconf 82' lang='lat' dir='ltr'>uvel</span> <span class='ocrx_word' id='word_1_238' title='bbox 249 4532 396 4614; x_wconf 84' lang='lat' dir='ltr'>centies</span> <span class='ocrx_word' id='word_1_239' title='bbox 415 4528 554 4625; x_wconf 84' lang='lat' dir='ltr'>fateor,</span> <span class='ocrx_word' id='word_1_240' title='bbox 573 4551 633 4612; x_wconf 92' lang='lat' dir='ltr'>tot</span> <span class='ocrx_word' id='word_1_241' title='bbox 650 4533 759 4612; x_wconf 91' lang='lat' dir='ltr'>enim</span> <span class='ocrx_word' id='word_1_242' title='bbox 776 4532 942 4611; x_wconf 90' lang='lat' dir='ltr'>Carolus</span> <span class='ocrx_word' id='word_1_243' title='bbox 961 4558 1098 4611; x_wconf 88' lang='lat' dir='ltr'>aureos</span> <span class='ocrx_word' id='word_1_244' title='bbox 1117 4559 1194 4610; x_wconf 91' lang='lat' dir='ltr'>nu·</span> 
     </span>
     <span class='ocr_line' id='line_1_37' title="bbox 124 4643 1194 4772; baseline -0.004 -46"><span class='ocrx_word' id='word_1_245' title='bbox 124 4646 228 4741; x_wconf 81' lang='lat' dir='ltr'>avit,</span> <span class='ocrx_word' id='word_1_246' title='bbox 252 4673 301 4726; x_wconf 91' lang='lat' dir='ltr'>ne</span> <span class='ocrx_word' id='word_1_247' title='bbox 329 4644 461 4725; x_wconf 89' lang='lat' dir='ltr'>dicam</span> <span class='ocrx_word' id='word_1_248' title='bbox 490 4643 587 4753; x_wconf 92' lang='lat' dir='ltr'>quid</span> <span class='ocrx_word' id='word_1_249' title='bbox 611 4643 842 4725; x_wconf 87' lang='lat' dir='ltr'>Araufiacus</span> <span class='ocrx_word' id='word_1_250' title='bbox 861 4644 983 4724; x_wconf 88' lang='lat' dir='ltr'>ctiam</span> <span class='ocrx_word' id='word_1_251' title='bbox 1011 4643 1194 4772; x_wconf 89' lang='lat' dir='ltr'>princeps</span> 
     </span>
     <span class='ocr_line' id='line_1_38' title="bbox 124 4752 1195 4869; baseline -0.007 -29"><span class='ocrx_word' id='word_1_252' title='bbox 124 4754 212 4840; x_wconf 84' lang='lat' dir='ltr'>dem</span> <span class='ocrx_word' id='word_1_253' title='bbox 222 4784 322 4869; x_wconf 85' lang='lat' dir='ltr'>opus</span> <span class='ocrx_word' id='word_1_254' title='bbox 340 4755 574 4868; x_wconf 87' lang='lat' dir='ltr'>profuderit.</span> <span class='ocrx_word' id='word_1_255' title='bbox 606 4757 809 4867; x_wconf 83' lang='lat' dir='ltr'>Nunquam</span> <span class='ocrx_word' id='word_1_256' title='bbox 822 4752 1195 4863; x_wconf 82' lang='lat' dir='ltr'>majarstarrexitvir</span> 
     </span>
    </p>
   </div>
   <div class='ocr_carea' id='block_1_3' title="bbox 0 0 1448 5204">
    <p class='ocr_par' dir='ltr' id='par_1_3' title="bbox 0 0 1448 5204">
     <span class='ocr_line' id='line_1_39' title="bbox 0 0 1448 5204; baseline 0 1"><span class='ocrx_word' id='word_1_257' title='bbox 0 0 1448 5204; x_wconf 95' lang='lat' dir='ltr'> </span> 
     </span>
    </p>
   </div>
  </div>
 </body>
</html>
