2888 5204
143 178 222 275 296
412 165 503 256 Pro
530 157 713 293 Populo
741 152 1011 287 Anglicano

142 334 326 443 digenda,
346 335 471 416 multa
487 337 664 415 exoticus
684 324 953 427 deblateravit,
975 327 1104 441 (quod
1124 327 1279 439 postula·

144 465 230 527 tum
251 474 369 528 nemo
383 447 494 526 sanus
508 444 825 556 reprehenderet)
842 462 885 525 ut
903 444 1138 555 etqualitate,
1151 443 1280 552 inquit,

144 558 183 638 in
201 558 460 670 rempublicam
473 558 635 653 inversa,
649 558 703 639 ad
717 556 862 638 eandem
881 557 1116 662 mccclefiam
1127 553 1283 637 introdu-

146 670 294 752 cendam
306 670 585 779 procederetur,
601 690 692 751 tuuc
707 670 800 750 emim
818 669 940 751 adhuc
945 668 1107 779 stabant
1126 667 1283 778 episcopi:

145 783 208 864 hic
221 783 351 888 nistſst
363 801 488 893 purus
496 802 614 892 putus
626 781 930 891 Anabaptismus,
942 779 1167 862 nihilvidea.
1194 781 1284 892 Qia

146 892 223 974 hoc
240 891 484 1001 iTheologo
500 915 540 975 et
555 895 731 975 ministro
739 895 895 975 Gallico
908 893 1086 1004 sperisset
1100 893 1283 1002 unquam?

147 1004 235 1086 sane
255 1008 325 1115 qui
345 1007 649 1116 Anabaptismus
669 1007 765 1115 quid
786 1007 845 1100 fit,
868 1006 939 1087 nifi
957 1004 1036 1087 hoc
1056 1006 1117 1102 fit,
1138 1033 1216 1086 non
1233 1006 1282 1084 vi·
1330 1048 1331 1053 =

147 1119 230 1214 det,
251 1148 344 1199 eum
363 1146 438 1227 ego
457 1118 691 1199 crediderim
711 1116 817 1197 haud
837 1120 962 1225 magis
982 1119 1117 1199 videre
1136 1118 1231 1227 quid
1247 1117 1283 1197 fit
1329 1164 1331 1187 ε

149 1231 385 1342 Baptismus.
445 1232 521 1311 Sed
542 1232 568 1311 s1
594 1258 653 1310 res
682 1230 851 1340 propriis
870 1229 1071 1311 vocabulis
1099 1229 1282 1340 appellare

150 1343 349 1443 malimus,
378 1343 573 1451 aequalitas
597 1344 638 1422 in
662 1343 862 1451 republica
884 1370 963 1423 non
986 1342 1042 1423 est
1062 1339 1284 1453 Anabaptis·

150 1483 254 1549 mus,
267 1455 331 1535 sed
342 1457 611 1549 Democratia,
624 1453 741 1562 longe
752 1455 964 1563 antiquior,
977 1455 1018 1534 in
1029 1453 1192 1534 ecclesia
1202 1481 1285 1562 pta·

150 1568 284 1646 sertim
299 1567 524 1661 constituta,
537 1566 593 1646 est
610 1566 811 1676 disciplina
822 1566 1065 1676 Apostolica.
1115 1570 1175 1646 At
1192 1567 1286 1645 enim

137 1679 296 1787 stabant
314 1678 477 1788 epistapi.
537 1681 570 1757 F
573 1697 740 1773 atemur,
762 1678 909 1757 stabant
929 1696 969 1758 et
989 1679 1187 1775 Genevae;
1207 1703 1288 1758 cum

151 1791 219 1871 illa
238 1791 373 1870 civitas
393 1810 433 1870 et
452 1789 680 1901 episcopum
697 1814 735 1870 et
755 1790 926 1871 eundem
941 1790 1173 1897 legitimum
1194 1791 1290 1901 prin·
1329 1842 1331 1857 ·

152 1905 285 2095 {sil
301 1901 633 2096 &silisis
648 1903 1027 2096 eisifibiiiiiii
1041 1898 1293 2095 'iiiiii

153 2045 379 2207 nevensium
392 2126 716 2234 suffragiaultum
729 2042 932 2234 isiquibus
942 2074 1120 2207 dimissus
1131 2074 1228 2208 cuin
1239 2128 1294 2232 ig-

152 2241 344 2334 nominia,
359 2269 407 2320 an
420 2238 562 2345 ejestus
577 2267 627 2318 ex
640 2240 708 2319 illa
720 2239 878 2319 ecclefia
890 2237 1024 2331 fueris,
1038 2240 1078 2318 in
1093 2238 1218 2320 dubio
1230 2238 1294 2318 est.

152 2350 215 2428 Te
228 2379 323 2459 ergo
336 2380 429 2431 cum
443 2351 627 2432 Salmafio
641 2370 708 2432 tuo
723 2349 772 2430 ab
788 2351 1015 2458 evangelico
1030 2349 1109 2431 hoc
1124 2351 1297 2432 instituto

155 2462 364 2557 desciviffe,
385 2483 425 2543 et
443 2465 491 2543 ad
506 2462 706 2574 episcopos
727 2462 985 2571 transfugisse,
999 2461 1028 2542 fi
1044 2462 1169 2544 modb
1188 2460 1298 2543 refert

156 2572 238 2680 qui)
259 2594 301 2654 tu
323 2574 588 2682 transfugeris,
608 2594 780 2687 apparet.
813 2573 958 2656 Deinde
976 2573 1030 2655 ad
1042 2576 1297 2685 minssrarum,

156 2687 302 2794 inquis,
328 2688 542 2796 nostratium
573 2687 821 2797 equalitatem
843 2685 1048 2797 respublica
1069 2688 1236 2794 trarysit,
1260 2702 1298 2765 ut

149 2799 279 2908 palam
284 2801 344 2906 stt
360 2799 507 2879 eundem
512 2801 692 2910 spiritum
710 2818 801 2879 tunc
819 2799 986 2909 viguiffl,
1008 2799 1075 2909 qui
1089 2803 1222 2880 asiana
1240 2797 1296 2879 de-

153 2941 252 2991 mum
271 2942 365 2992 anua
383 2912 539 3020 nefanda
553 2911 653 3016 regis
660 2912 867 3019 parricidia
885 2941 962 2993 rem
973 2911 1138 3021 peregit.
1196 2914 1297 3021 Ergq

155 3024 262 3104 idem
288 3044 332 3104 ut
354 3027 509 3105 videtur
528 3024 684 3132 spiritus
708 3044 747 3104 et
774 3025 968 3105 ministros
990 3023 1197 3104 constituit
1220 3021 1296 3102 ves-

157 3155 286 3231 trates,
314 3158 354 3215 et
379 3136 635 3247 parricidium
661 3137 837 3244 peregit:
871 3137 996 3243 Perge
1027 3157 1072 3216 ut
1101 3134 1296 3245 occepisti,

155 3275 251 3354 quas
267 3277 337 3359 par
351 3249 406 3327 est
421 3247 649 3356 apostatam,
663 3252 836 3327 erudiere
853 3247 1028 3328 insanias.
1059 3248 1150 3328 Nan
1157 3250 1297 3358 plures,

157 3360 301 3468 inquis,
318 3359 439 3440 tribus
458 3358 826 3469 libellisstepplicibus
845 3360 1093 3467 carficcrunt,
1107 3361 1177 3469 qui
1192 3361 1297 3440 inre-

151 3499 235 3576 gem
253 3472 759 3582 animadvertipastulabant.
793 3472 914 3581 Qtod
929 3490 1069 3551 notum
1084 3472 1157 3567 est,
1173 3469 1298 3581 etipse

127 3634 129 3638 -
158 3584 340 3677 memini,
362 3583 604 3664 salsrffimum
619 3584 706 3663 effe.
741 3582 839 3662 Sani:
858 3584 928 3693 qui
947 3580 1016 3663 has
1036 3611 1095 3663 res
1110 3585 1217 3693 apud
1236 3608 1299 3662 nos

16 3740 18 3743 ·
156 3696 357 3773 memoriae
374 3695 623 3791 mandarunt,
651 3724 729 3774 non
755 3715 831 3776 tres
851 3695 1126 3776 tantummodo
1153 3695 1300 3775 libellos

157 3804 387 3899 istiusmodi,
410 3805 472 3885 sed
494 3810 638 3887 multos
658 3836 708 3886 ex
728 3809 884 3887 diversrs
904 3808 1060 3914 Angliae
1077 3807 1300 3915 provinciis,

158 3917 429 4025 exercitusque
446 3919 665 4026 legionibus
686 3922 800 3999 unius
820 3917 901 3999 fere
917 3918 1057 3998 mensas
1076 3917 1217 4028 spatio,
1231 3939 1300 3998 tres

157 4055 238 4108 uno
255 4029 319 4107 die
340 4030 474 4109 allatos
490 4030 600 4111 suiss'e
620 4050 854 4111 memorant.
914 4031 1036 4110 Vides
1051 4033 1301 4138 quanticum

157 4142 346 4246 gravitate
363 4139 436 4221 hac
452 4141 500 4221 de
518 4171 557 4223 re
578 4143 850 4222 deliberaverit
864 4145 1041 4235 Senatus,
1057 4142 1171 4250 cujus
1186 4169 1301 4225 cunc·

157 4254 345 4347 tationem
366 4254 541 4363 Populus
559 4256 728 4334 lenitatis
749 4257 881 4335 nimiae
900 4254 1117 4365 suspediam
1137 4274 1199 4336 tot
1216 4254 1301 4364 sup-

155 4364 324 4473 plicibus
358 4367 499 4447 libellis
538 4369 791 4450 eximendam
829 4369 994 4478 putavit.
1066 4372 1183 4480 Qot
1216 4365 1303 4448 reris
