2888 5258
151 168 230 273 34⁶
391 148 619 249 Authoris
643 186 729 284 pro
751 147 796 246 se
822 144 1048 247 Defensio

146 356 212 408 me
232 328 306 408 effe
326 328 451 438 spero,
468 348 513 410 ut
532 330 682 410 nemim
671 329 941 423 videar,v1ro
961 326 1190 468 prasertim
1193 328 1299 409 bono

145 460 185 520 et
203 441 486 550 intelligenti,
475 444 632 522 mcertis
652 440 876 521 rumoribus
897 441 1021 521 elatus
1046 437 1212 535 temere,
1233 469 1299 521 ac-

145 553 386 633 cusationem
405 573 540 634 contra
560 575 598 635 te
616 551 751 633 falsam
771 552 988 647 instituiffe,
1005 580 1078 632 nec
1098 551 1201 633 fictis
1221 553 1299 632 cri-

146 664 360 744 minibus
348 687 614 757 1nnocentem,
635 665 743 775 quod
768 665 957 773 quereris,
977 687 1019 744 et
1046 665 1298 745 immeritum

147 774 371 884 perfudisse,
403 777 466 857 sed
494 782 641 858 testum
668 794 784 884 atque
810 776 1014 886 duplicem
1035 778 1139 858 veris
1166 778 1299 857 redar-

146 887 282 995 guisse,
303 889 492 969 latentem
510 909 627 998 atque
652 889 862 968 sedantem
890 887 1103 968 tenebras'
1091 916 1135 967 ιιι
1165 888 1296 971 lucem

145 1000 398 1111 protraxisse:
429 1003 536 1110 quod
551 1003 713 1111 quidem
729 1017 769 1080 et
788 1028 838 1081 ex
854 1000 934 1110 ipsa
947 1000 1163 1081 testimonii
1182 1000 1295 1080 clari·

147 1129 226 1191 tate
260 1112 511 1222 perspicuum
543 1112 616 1193 effe
649 1141 751 1206 reor,
774 1114 877 1191 etin
908 1112 998 1222 ipfis
1028 1110 1295 1225 plurimorum

145 1221 358 1304 hominum
378 1253 455 1304 non
476 1225 719 1307 conscientiis
739 1222 875 1319 modd,
895 1224 958 1304 sed
978 1243 1018 1304 et
1037 1218 1293 1318 sermonibus,

146 1335 216 1414 ubi
230 1335 312 1417 haec
324 1336 430 1445 gesta
442 1336 542 1432 sunt
556 1338 698 1417 clarius
709 1336 875 1419 elucere
917 1335 1076 1447 Qibus
1089 1336 1117 1415 fi
1130 1364 1209 1445 ego
1225 1334 1293 1416 tes·

146 1447 358 1527 timonium
377 1449 605 1529 denuntiare
632 1448 795 1558 possem,
816 1448 1022 1528 obruerere
1042 1445 1290 1541 mihicrede,

146 1558 400 1639 multitudine
414 1579 472 1641 tot
484 1560 661 1641 testium:
678 1588 777 1669 quos
792 1580 924 1641 tamen
935 1560 1150 1688 aliquando
1161 1558 1291 1670 sponte

146 1668 211 1749 sua
231 1672 383 1751 veritati
404 1691 486 1753 tam
505 1672 661 1767 illustri,
681 1674 709 1752 si
729 1699 827 1781 opus
848 1673 937 1764 erit,
957 1673 1022 1751 sua
1041 1672 1207 1752 nomina
1226 1700 1291 1782 pa-

145 1781 226 1860 lam
246 1781 404 1864 daturos
430 1784 503 1863 elle
522 1784 705 1864 confido:
736 1782 844 1893 qubd
871 1783 899 1861 fi
925 1780 1027 1864 hanc
1054 1782 1292 1892 probationis

146 1894 230 1972 vim
249 1914 366 2003 atque
386 1896 639 1990 evidentiam,
652 1892 773 2005 quim
788 1923 836 1974 ne
851 1894 985 2001 Juderr
1004 1896 1172 2003 quidem
1191 1894 1291 1981 seve-

145 2006 313 2086 riffimus
342 2007 588 2117 repudiasset,
615 2027 658 2087 tu
686 2007 823 2088 salsam
852 2025 983 2086 tamen
1009 2006 1099 2102 effe,
1119 2008 1163 2087 id
1189 2006 1291 2117 quod

145 2117 374 2199 incredibile
400 2120 471 2214 est,
490 2120 725 2200 contendere
753 2119 929 2212 audebis,
948 2120 1025 2200 erit
1050 2117 1208 2201 fortasse
1225 2146 1291 2199 cut

144 2229 193 2308 de
212 2248 281 2309 tuo
300 2233 473 2339 queraris
492 2250 609 2339 atque
624 2232 803 2340 deplores
819 2228 1050 2326 infortunio,
1066 2251 1136 2313 aut
1151 2233 1291 2311 iratum
1327 2238 1329 2275 r

144 2340 218 2420 tibi
237 2362 354 2451 atque
371 2343 566 2423 insensum
582 2343 763 2450 agnoscas
781 2344 916 2425 Deum
921 2345 1016 2452 ,qui
1035 2371 1106 2452 per
1123 2345 1290 2425 aliorum

144 2451 208 2531 vel
236 2481 407 2535 errorem
433 2455 496 2535 vel
523 2456 774 2535 mendacium
801 2456 978 2561 assignati
1002 2454 1076 2534 tibi
1102 2452 1289 2562 hujusli-

146 2563 241 2642 belli
270 2566 336 2645 illa
365 2568 441 2645 alia
468 2585 533 2646 tua
561 2567 791 2648 dedecora
780 2595 822 2645 m
842 2566 1013 2646 Ecclefia
1039 2565 1191 2649 diutius
1217 2593 1288 2645 non

146 2673 319 2771 ferenda,
351 2675 465 2758 latibs
494 2679 684 2786 patefieri,
708 2697 748 2758 et
776 2678 980 2787 personam
1003 2677 1115 2758 illam
1139 2676 1291 2760 eccleli-

146 2787 319 2885 asticam,
347 2819 468 2898 quam
499 2789 728 2871 circumfers
758 2789 1107 2899 impudentiffrme,
1143 2787 1289 2873 detrahi

148 2900 221 2980 tibi
236 2902 427 2995 voluerit;
457 2930 522 2981 me
542 2931 612 2983 cur
632 2903 780 2982 incuses
799 2905 983 3011 deinceps
999 2920 1068 2982 aut
1081 2901 1290 3011 reprehen-

146 3013 213 3092 das
243 3042 322 3093 non
349 3016 437 3108 erit,
462 3016 587 3093 immo
614 3043 686 3095 nec
715 3043 893 3122 unquam
916 3014 1008 3108 fuit,
1027 3013 1151 3095 velles
1178 3010 1289 3097 modb

146 3145 212 3204 tua
232 3128 271 3204 in
292 3154 362 3205 nos
381 3126 583 3206 commissa
609 3127 905 3233 recognoscere;
937 3123 1077 3206 verbm
1101 3126 1175 3208 illa
1193 3154 1288 3208 mor·

144 3234 255 3316 dicits
276 3239 501 3318 inficiari
464 3236 636 3317 mmibm
664 3239 735 3318 tibi
762 3238 938 3348 expedit,
959 3258 998 3317 et
1023 3238 1141 3318 simul
1168 3237 1287 3350 pergis

144 3347 334 3428 lacessere.
385 3351 516 3430 Noli
506 3352 641 3457 igitur,
661 3350 797 3459 quod
781 3379 867 3457 jam
886 3353 1030 3430 iterum
1051 3360 1217 3447 mon'eo,
1232 3375 1287 3433 ms

143 3461 358 3570 inculpare,
379 3462 407 3540 fi
426 3463 553 3543 rursus
571 3492 657 3572 quae
676 3463 775 3542 nolis
802 3490 907 3543 nunc
926 3461 1093 3542 viciffim
1111 3463 1285 3545 audieris.

145 3572 221 3651 Sed
241 3575 441 3654 videamus
457 3577 553 3682 quid
573 3577 631 3654 srt.
692 3571 873 3654 Primum
894 3576 1064 3654 occurrit
1083 3574 1208 3671 mihi,
1226 3598 1286 3656 nec

143 3683 318 3812 opinato,
339 3715 428 3766 mea
447 3714 519 3795 pro
541 3688 640 3796 Pop.
661 3687 883 3792 Anglicano
904 3685 1094 3766 Defensio
1116 3686 1284 3776 secunda,

145 3797 248 3904 typis
268 3797 409 3877 Ulacci
428 3799 612 3878 malevoli
633 3797 916 3877 mendofiffimb
936 3826 981 3877 ac
1001 3794 1285 3881 malitiofiffiml

144 3909 311 4002 excusa3
350 3910 495 3990 omiffis
527 3938 810 4018 nonnunquam
842 3909 1014 3989 verbis
1002 3913 1284 4018 ntegrum

145 4018 222 4100 srne
241 3969 435 4100 stridiurae
452 4023 569 4102 totius
589 4042 705 4130 atque
721 4021 917 4101 sententiae
935 4021 997 4101 vel
1018 4021 1283 4145 depravatione

143 4133 247 4212 vel
236 4135 412 4212 interitu.
473 4135 593 4245 Qod
625 4162 700 4241 ego
731 4162 868 4213 omnes
894 4135 985 4213 volo
1016 4138 1213 4232 monitos,
1229 4129 1282 4259 qui

143 4274 233 4324 mea
251 4266 390 4325 curant
409 4246 554 4352 legisse,
570 4245 715 4374 nequid
731 4274 868 4325 meum
884 4274 934 4325 ex
948 4246 1111 4326 officina
1128 4242 1282 4330 hominis

139 4357 296 4440 inimici
326 4377 367 4438 et
389 4360 612 4439 veteratoris
639 4359 748 4436 exire
781 4358 982 4466 integrum
1006 4377 1077 4439 aut
1106 4362 1280 4471 sincerum
