2888 5204
148 227 230 301 412
353 181 579 278 Audioris
604 180 663 275 ad
689 179 949 276 Alexandri
973 186 1106 277 Mori
1322 43 1332 309 l

146 359 255 469 quod
286 361 419 467 stupro
447 356 667 465 auspicatus
695 356 805 450 effer,
833 359 1146 439 matrimonium
1171 362 1288 440 redii-

144 471 271 551 diffes.
320 470 447 562 Nihil,
462 470 609 577 inquis,
623 469 850 547 intentatum
862 470 1033 579 reliquit.
1075 473 1289 583 Qidergo
1330 502 1332 525 ¹

147 584 250 663 inter
267 582 344 662 alia
364 582 571 661 tentaverit
589 600 632 658 tu
653 578 733 688 ipse
759 580 873 659 nobit
897 582 1165 662 divinmdum
1181 584 1289 663 relin-

147 695 261 803 quis;
293 692 420 772 immo
437 691 517 800 ipse
536 719 616 772 non
634 712 753 782 taces,
769 691 851 801 ipse
869 692 1030 773 effutire
1048 722 1133 773 non
1147 693 1289 774 embel

146 808 227 898 cia;
257 824 298 884 et
326 803 425 883 illud
452 801 566 912 supra
591 802 745 882 dictum
770 802 1022 897 itCrantzio,
1050 806 1177 915 paulo
1200 804 1287 885 infin
1328 836 1331 973 1

148 917 255 1025 quafi
274 916 512 1025 palmarium
527 914 718 1022 quiddam
739 943 812 1023 pro
830 936 871 994 te
884 943 936 994 ex
953 945 1024 995 ore
1043 919 1222 997 Salmafii
1237 946 1287 996 re·

147 1030 273 1138 petia3
305 1026 440 1137 Siquid
452 1026 491 1106 in
508 1028 648 1106 Pontia
658 1028 838 1135 peccavit
854 1029 1007 1121 Morus,
1026 1030 1192 1136 egasnn
1207 1031 1286 1121 kur,

146 1160 185 1220 et
203 1169 299 1219 uxor
316 1168 396 1219 mea
414 1140 511 1218 lem.
570 1139 690 1218 Hanc
709 1138 857 1217 scilicet
880 1139 1199 1247 pulcherrimam
1216 1139 1286 1219 fote

147 1251 414 1332 defenfionem
444 1250 517 1329 tibi
548 1249 653 1358 apud
686 1278 825 1329 omnes
854 1278 991 1330 amens
1018 1251 1286 1344 credidilli,li

147 1362 367 1444 ostendilles
394 1363 533 1440 lenone
560 1361 759 1454 Salmafio,
786 1360 943 1469 ejusque
973 1390 1102 1443 uxore
1134 1365 1234 1457 leni,
1252 1382 1285 1442 te

148 1502 228 1555 non
255 1474 430 1583 ignobile
454 1473 633 1580 stuprum
657 1471 815 1565 fecisse3
845 1493 886 1552 et
912 1501 993 1552 non
1022 1475 1097 1553 niti
1127 1475 1284 1555 dominia

147 1584 444 1696 perductoribus
459 1585 642 1664 ancillam
653 1583 812 1666 vitiafl'e.
872 1588 957 1664 Hoc
972 1587 1090 1694 vulgo
1108 1587 1284 1677 imum
1327 1588 1331 1691 l

148 1697 298 1777 tuvero
309 1696 439 1806 palam
455 1695 1026 1806 vehementiffinlquereludari.
1073 1700 1194 1806 Euge
1209 1726 1285 1778 cot·
1328 1700 1331 1769 l

147 1809 286 1889 culum
319 1808 494 1918 pudoris,
522 1809 672 1888 deliciae
696 1808 902 1887 castitatis!
958 1805 1081 1888 Tt'rne
1115 1809 1286 1891 reluctari

148 1919 269 2002 vero?
296 1920 494 2028 virginali,
520 1939 564 2000 ut
582 1920 751 2013 videtur,
770 1920 1006 2000 verecundia
1036 1919 1166 2002 homo
1194 1920 1287 2002 nelei

148 2032 333 2114 muliebri
352 2032 525 2111 indutus.
586 2033 697 2111 Nam
723 2031 852 2141 piscis,
873 2033 943 2111 nili
960 2052 1115 2141 captus,
1136 2061 1217 2113 non
1234 2060 1288 2112 re·

147 2146 341 2225 luctatur:
373 2145 440 2223 illa
459 2141 638 2251 profecto
657 2144 800 2223 mulier
825 2143 896 2223 nifi
921 2141 1125 2225 thunnum
1149 2166 1190 2225 te
1207 2168 1289 2255 pet·

146 2255 340 2366 spexillet,
376 2256 445 2336 niti
478 2253 652 2349 facilem,
688 2256 758 2334 nifi
793 2274 1081 2365 opportunum,
1113 2258 1188 2336 nifi
1223 2256 1288 2336 ob-

146 2371 313 2448 noxium
344 2366 493 2448 ancillae
523 2366 597 2447 suae
628 2365 954 2476 deprehendiffet,
984 2395 1194 2476 nunquam
1224 2368 1288 2449 uti

147 2480 238 2559 istos
266 2479 424 2586 laqueos
452 2480 505 2556 ita
532 2478 736 2573 elimallet,
757 2505 958 2588 nunquam
979 2480 1052 2559 tibi
1079 2481 1289 2561 Vulcanius

145 2591 233 2670 illos
251 2589 368 2669 calles
389 2609 453 2668 tua
467 2589 576 2691 Juno
597 2611 677 2670 tam
694 2590 808 2671 facile
828 2591 1059 2700 adaptallet3
1090 2620 1288 2702 nunquam

147 2704 187 2780 in
212 2702 342 2780 virum
369 2728 544 2807 gravem,
571 2702 856 2796 Ecclefiastem,
883 2704 1061 2792 doctum,
1081 2704 1287 2797 celebrem,

144 2813 215 2922 qui
239 2815 370 2893 mariti
397 2813 565 2891 domum
593 2815 695 2894 inter
722 2816 972 2896 amiciffimos
1000 2814 1286 2923 frequentasset,

145 2952 348 3035 nunquam
369 2925 438 3004 nili
459 2926 499 3003 in
524 2926 781 3006 mulierosum
810 2948 850 3007 et
879 2947 978 3007 notae
1003 2928 1289 3009 incontinentia

143 3036 350 3118 hominem
370 3038 445 3116 tale
461 3039 675 3146 quicquam
690 3039 823 3118 moliri
837 3059 905 3119 aut
919 3058 1067 3119 tentare
1082 3040 1174 3119 ausa
1186 3039 1285 3121 effet.

144 3152 215 3244 At,
247 3151 392 3258 inquiS,
425 3179 506 3229 cum
523 3149 697 3255 sartione
724 3148 945 3259 quadamse
976 3150 1186 3257 conjunxit,
1213 3180 1290 3263 qua

144 3262 264 3370 qualis
275 3262 422 3370 suerit,
442 3261 590 3370 aperire
608 3261 682 3341 tibi
696 3264 787 3341 nolo.
848 3264 957 3370 Ergo
976 3261 1053 3341 hoc
1072 3265 1197 3342 etiarn
1214 3289 1288 3343 non

143 3370 275 3453 minito
295 3372 540 3482 suspitiosum
559 3375 671 3452 nobis
687 3375 888 3480 relinquis,
900 3373 1008 3482 quod
1029 3376 1096 3454 tud
1114 3373 1286 3455 multlrm

144 3484 323 3564 interfuit
342 3485 544 3594 aperuiffe,
558 3513 645 3593 quae
664 3486 733 3564 ista
752 3484 885 3577 factio,
902 3513 982 3593 quo
1001 3487 1044 3564 in
1063 3486 1155 3565 loco
1176 3505 1215 3566 te
1235 3503 1286 3567 tot

143 3596 420 3690 Ecclefiarum,
436 3615 494 3676 tot
509 3598 771 3703 synodorum,
790 3616 848 3677 tot
863 3596 1176 3704 Magistratuum
1191 3599 1287 3679 testi·

143 3708 287 3786 moniis
308 3736 352 3786 ac
372 3709 505 3814 figillis
525 3709 736 3789 loricatum
762 3705 969 3789 hominem
995 3728 1035 3788 et
1059 3707 1286 3818 cataphrac-

144 3836 230 3896 tum
251 3837 333 3897 tam
352 3817 492 3898 acriter
511 3822 763 3929 oppugnarit.
825 3823 865 3900 Si
892 3821 943 3900 ob
963 3823 1050 3900 vitae
1078 3819 1286 3902 sanctimo-

143 3932 264 4023 niam,
279 3932 537 4010 concionandi
555 3933 829 4027 affiduitatem,
847 3932 1080 4044 profefforiae
1095 3932 1285 4013 facultatis

143 4041 400 4151 praestantiam
421 4062 458 4122 te
478 4045 570 4123 odio
595 4043 800 4137 habuiffet,
822 4043 920 4123 nihil
947 4043 1056 4153 aeque
1083 4045 1157 4125 tibi
1187 4044 1284 4126 laudi

141 4181 186 4236 ac
205 4154 419 4234 defenfioni
439 4154 512 4234 effe
532 4158 689 4264 potuit:
720 4182 825 4235 nunc
852 4153 947 4236 clun
973 4159 1014 4236 in
1039 4185 1081 4235 re
1105 4158 1284 4238 omnium

140 4264 385 4374 potiflimirm
404 4267 637 4375 explicanda
657 4272 781 4347 tectus
804 4288 919 4376 atque
941 4269 1088 4348 astutus
1107 4268 1185 4350 effe
1205 4297 1283 4349 rna·

139 4378 270 4472 luetis,
290 4378 529 4458 credendum
549 4379 604 4457 est
625 4407 701 4459 non
724 4379 950 4474 factionem,
971 4380 1034 4462 sed
1055 4380 1154 4462 bene
1175 4409 1283 4489 mag·
