2888 5204
142 200 224 282 274
415 164 509 256 Pro
532 156 720 292 Populo
744 155 1018 288 Anglicano

141 355 249 415 trum
259 335 411 444 semper
418 331 1204 444 atquesubserviensfuimamimmodicir
1212 330 1282 408 lau·

143 447 260 527 dibus
269 446 470 555 dignetur.
500 447 616 527 Alter
627 445 722 526 verb
736 473 818 525 non
832 444 964 525 versus
974 442 1093 538 facit,
1107 442 1175 523 sed
1185 439 1283 552 plani

144 559 300 653 insanit,
315 558 639 639 entbufiastarum
653 560 854 652 omnium,
864 585 966 666 quos
981 577 1070 637 tam
1084 553 1219 636 rabide
1235 555 1285 632 in·

145 670 322 769 senatur,
354 669 434 780 ipse
472 671 785 750 amentiffimus:
814 667 881 749 bic
911 668 1094 749 Salmafii
1122 665 1285 748 carnifex

145 783 253 893 quali
272 783 332 877 fit,
350 784 438 889 Syri
456 783 598 862 Damae
615 782 734 876 filius,
755 783 938 861 Lorarios
956 783 1122 862 invocat
1138 798 1182 860 et
1195 777 1286 858 Cad-

148 923 288 988 mum;
306 913 459 974 veratro
473 896 616 974 deinde
627 894 775 987 ebrius,
786 912 928 987 totam,
940 892 1141 1002 quicquid
1156 891 1286 998 ubique

147 1006 218 1101 est,
244 1007 497 1086 Servulomm
518 1026 561 1086 et
585 1007 812 1087 Ballionum
836 1005 1057 1101 sentinam3
1087 1031 1142 1084 ex
1168 1003 1287 1083 Indice

151 1118 335 1198 Plautino
365 1120 540 1212 evomit;
571 1120 706 1199 credat
732 1119 870 1225 lingua
890 1117 1043 1197 Oscum
1075 1143 1160 1196 non
1183 1109 1287 1195 latire

148 1231 394 1338 loquentem,
406 1249 473 1310 aut
488 1228 719 1323 inferarum,
729 1257 828 1339 quas
840 1249 962 1323 natat,
973 1229 1173 1339 paludum
1181 1253 1286 1308 conx-

148 1371 214 1422 are
234 1371 384 1423 ranam.
442 1344 554 1422 Tum
573 1362 619 1421 ut
638 1342 882 1450 intelligatis,
897 1360 1072 1450 quantus
1090 1337 1285 1421 fithmbo

151 1483 241 1534 rum
252 1453 410 1547 artifex,
425 1455 576 1534 duabus
588 1452 742 1562 syllabis
757 1483 837 1533 una
850 1455 892 1533 in
906 1480 1005 1534 voce
1016 1469 1175 1563 peccat,
1185 1449 1286 1530 altera

151 1566 355 1674 producta,
374 1565 496 1646 altera
514 1594 724 1676 perperam
741 1585 934 1675 correpta,

301 1726 366 1806 Hi
378 1725 568 1807 trucidato
583 1756 672 1836 rege
681 1745 757 1838 per
773 1726 993 1808 horrendum
1011 1726 1135 1835 nefas.
1226 1698 1229 1703 Ι

152 1899 280 1983 Aufer
308 1901 411 1996 istas,
440 1903 557 1997 asine,
585 1901 840 1983 uacirn'tatunr
863 1921 1022 1982 tuarum
1044 1901 1232 1994 clitellaer
1255 1914 1287 1979 et

154 2017 227 2094 tria
246 2014 378 2108 verba,
394 2015 422 2094 fi
441 2033 567 2123 potes,
583 2013 663 2094 sani
681 2043 727 2095 ac
746 2014 864 2094 sobrii
879 2012 1053 2094 hominis
1066 2014 1228 2094 tandem
1239 2006 1287 2091 tl-

154 2125 227 2218 fer,
241 2126 268 2206 fi
284 2146 351 2207 tua
366 2126 436 2206 ista
448 2125 653 2210 cucurbita
671 2145 712 2206 et
724 2125 893 2207 blennum
906 2144 1022 2236 caput
1040 2124 1105 2205 vel
1117 2126 1167 2205 ad
1179 2149 1289 2234 pune

156 2256 243 2317 turn
256 2241 444 2347 temporis
460 2238 587 2348 potest
599 2238 754 2348 sapere:
783 2241 930 2319 interea
943 2257 983 2318 te
997 2264 1074 2346 ego
1089 2259 1290 2349 puerorum

154 2349 384 2457 uirgrilmiis
396 2353 472 2431 tuis
483 2351 713 2432 cadendum
728 2353 839 2432 trado
853 2349 1074 2431 Orbilium.
1120 2350 1189 2429 Tu
1202 2342 1289 2429 milti

158 2461 210 2540 fic
228 2488 349 2571 perge
369 2463 617 2558 maledicere,
634 2481 680 2543 ut
692 2463 897 2544 Cromvello
910 2463 1016 2572 pejor
1034 2460 1110 2541 tibi
1124 2460 1211 2555 fim,
1224 2484 1290 2568 qua

156 2573 264 2652 nulla
279 2573 425 2678 majore
441 2602 506 2653 me
521 2575 635 2655 laude
651 2575 805 2656 afficere
817 2575 993 2684 potuisti.
1051 2574 1116 2653 Te
1129 2570 1222 2652 verb
1233 2570 1289 2650 be·

157 2684 394 2766 nevolumne
406 2686 551 2781 dicam,
562 2715 613 2766 an
625 2687 880 2782 stolidum,an
892 2685 1045 2766 hostem
1058 2680 1289 2765 infidiosum?

158 2795 370 2879 benevolus
386 2797 492 2878 certe
512 2826 590 2878 non
610 2826 665 2893 es,
681 2799 798 2880 verba
813 2801 923 2879 enim
935 2796 1090 2879 hostem
1105 2796 1289 2877 indicanti

159 2935 230 2988 cur
249 2937 343 3018 ergo
364 2930 445 2991 tam
466 2910 625 2991 stolidus
644 2909 753 2992 fuisti
771 2914 1025 3021 vituperator,
1048 2929 1095 2989 ut
1113 2906 1292 2989 anteferre

160 3049 226 3100 me
243 3039 350 3102 tanto
366 3025 450 3102 viro
466 3024 507 3101 in
527 3023 693 3103 buccam
710 3024 783 3104 tibi
797 3023 974 3103 venerit?
1003 3021 1150 3129 ecquid
1166 3039 1209 3101 tu
1228 3043 1292 3101 non

160 3133 362 3242 intelligis,
382 3163 431 3214 an
450 3163 515 3214 me
535 3154 648 3244 putas
667 3163 746 3216 non
766 3135 1000 3242 intelligere,
1027 3131 1111 3241 qud
1130 3133 1295 3240 graviore

161 3245 283 3326 vestra
298 3248 339 3326 in
359 3275 424 3327 me
439 3245 515 3326 effe
528 3247 618 3327 odia
633 3247 849 3340 ostenditis,
864 3274 912 3326 eo
927 3274 996 3326 vos
1011 3246 1209 3353 ampliora
1219 3266 1296 3324 met
1332 3336 1335 3349 ,

161 3357 204 3435 in
220 3359 530 3468 Rempublicam
549 3361 689 3439 merita
703 3360 925 3469 praedicare,
941 3358 1064 3437 vestra
1084 3374 1146 3437 tot
1164 3381 1298 3467 opprn·
1333 3358 1335 3363 ’

162 3467 260 3561 bria,
277 3489 337 3550 tot
355 3499 444 3551 mea
458 3470 531 3551 effe
552 3471 657 3582 apud
672 3499 782 3552 meos
801 3471 1018 3581 praeconia?
1063 3470 1180 3551 Nam
1197 3470 1226 3549 fi
1241 3490 1299 3546 voe

161 3607 226 3658 me
247 3583 426 3661 omnium
454 3582 629 3663 maxime
653 3582 801 3677 odistis,
825 3581 911 3661 sane
935 3609 1010 3690 ego
1030 3608 1100 3662 vos
1124 3583 1299 3661 omnium

162 3690 338 3770 maxime
350 3694 587 3789 exulceravi,
598 3724 668 3776 vos
682 3722 758 3803 ego
772 3696 947 3775 maxime
959 3690 1099 3788 afflixi,
1111 3693 1301 3800 causaeque

162 3800 294 3882 vestrae
309 3805 451 3884 nocui:
482 3807 522 3886 id
542 3808 639 3887 filta
656 3807 727 3901 est,
749 3807 857 3886 idem
876 3832 951 3912 ego
970 3804 1019 3884 de
1040 3805 1141 3886 meis
1160 3805 1302 3886 civibus

162 3912 315 4022 optime
334 3943 492 4024 quoque
516 3918 659 4012 merui,
683 3916 803 3998 hostis
825 3919 931 3997 enim
953 3915 1016 3997 vel
1038 3916 1302 3999 testimonium

162 4026 224 4106 vel
238 4025 451 4132 judicium,
478 4030 545 4109 etsi
565 4030 657 4110 alibs
671 4029 756 4109 leve
775 4029 1006 4122 admodum,
1022 4026 1071 4108 de
1085 4027 1156 4109 suo
1178 4047 1302 4110 tamen

161 4138 295 4218 dolore
311 4138 428 4247 longe
448 4141 504 4221 est
519 4142 802 4248 graviffimum.
829 4144 897 4221 An
917 4142 1039 4221 Poeta
1058 4166 1138 4219 non
1163 4138 1302 4221 memi-

160 4251 265 4343 nisti,
285 4279 381 4331 cum
399 4252 447 4331 de
459 4251 628 4334 Achillis
648 4254 795 4334 mortui
814 4255 949 4347 armis,
967 4251 1072 4358 Ajax
1095 4272 1137 4335 et
1157 4250 1304 4361 Ulyffer

159 4364 454 4458 contenderent,
468 4392 546 4445 non
553 4366 708 4446 Graecos
724 4366 930 4475 populares
944 4363 1210 4472 sedTrojanos
1221 4359 1303 4447 hos·

159 4491 214 4553 tes
234 4502 284 4554 ex
302 4475 488 4559 sententia
504 4477 682 4560 Nestoris
699 4478 860 4584 Judices
875 4477 1013 4559 datos?
