2888 5204
146 569 196 677 56
421 557 513 648 Pro
538 549 724 686 Populo
749 549 1018 684 Anglicano

144 730 255 836 cujus
267 729 334 809 ille
347 731 484 837 Lupus
497 729 742 810 Trecaffinus
757 730 909 836 collega
925 725 1017 823 suit,
1031 727 1178 808 incesto
1190 728 1289 837 apud

146 870 217 923 nos
233 842 561 950 regiVortigerno
572 839 808 922 authoritate
821 843 886 921 sui
898 868 1065 949 regnum
1078 839 1289 949 abrogavit.

149 958 311 1035 Sanetus
331 955 463 1063 itaque
484 956 620 1063 Lupus
642 955 762 1034 talem
783 974 820 1034 te
841 956 946 1062 Lupi
967 980 1044 1033 non
1071 951 1206 1046 saneti,
1231 952 1291 1032 sed

147 1066 322 1148 famelici
340 1066 556 1175 cujuspiam
571 1085 612 1146 et
626 1067 837 1146 latrunculi
849 1067 1089 1159 Dominum,
1105 1066 1177 1145 illo
1191 1065 1292 1175 apud

147 1179 434 1260 Martialem
397 1207 621 1288 viperarum
634 1180 814 1259 Domino
828 1179 1024 1271 viliorem
1045 1176 1289 1286 aspernatur.

121 1385 126 1394 Ι
148 1321 218 1401 qur
231 1312 271 1372 et
282 1293 489 1371 latrantem
502 1290 581 1400 ipse
594 1293 719 1385 domr
733 1310 776 1370 ut
789 1289 919 1370 ferunt
921 1289 1147 1397 ,Lyciscam
1160 1287 1291 1382 habes,

147 1433 235 1512 quae
265 1404 336 1484 tibi
365 1402 503 1483 misere
530 1403 778 1498 dominatur;
808 1404 918 1509 cujus
948 1403 1091 1511 partim
1120 1400 1290 1510 impulsu

148 1518 269 1595 etiam
282 1514 462 1624 scripsisse
476 1515 557 1594 baec
568 1515 733 1610 diceris3
756 1516 858 1594 unde
873 1517 1020 1595 mirum
1036 1541 1113 1593 non
1129 1514 1186 1594 est
1197 1512 1293 1593 velle

149 1648 187 1709 te
208 1629 358 1737 regiam
378 1629 691 1708 dominationem
710 1628 795 1707 aliis
815 1626 1038 1720 obtrudere,
1064 1627 1135 1733 qui
1160 1624 1293 1705 soerni-

149 1767 268 1820 neum
290 1740 368 1849 ipse
389 1741 499 1819 domi
518 1740 767 1820 dominatum
792 1737 892 1819 ferre
918 1758 1000 1819 tarn
1025 1738 1216 1818 serviliter
1237 1736 1292 1816 as·

147 1851 316 1932 suevisti.
377 1854 459 1931 Sis
449 1871 579 1961 itaque
593 1854 699 1961 Lupi
712 1853 927 1945 Dominus,
944 1852 989 1930 lit
1002 1853 1115 1958 Lupa
1131 1852 1191 1929 tui
1207 1851 1293 1929 Do-

147 1965 269 2058 mina,
291 1963 336 2042 srs
357 1966 494 2071 Lupus
514 1964 608 2073 ipse,
625 1964 671 2043 fis
687 1958 1001 2072 Lycanthropus,
1023 1961 1194 2042 moloffis
1209 1990 1292 2042 me-

147 2072 308 2157 hercule
327 2077 557 2183 Anglicanis
577 2077 795 2156 ludibrium
816 2076 947 2155 debes
1007 2076 1161 2153 Verum
1180 2074 1293 2202 lupos

147 2190 280 2269 venari
299 2215 404 2267 nunc
425 2214 502 2267 non
522 2189 578 2268 est
597 2190 750 2283 otium3
782 2188 931 2294 sylvis
921 2207 1051 2296 itaque
1076 2185 1263 2294 egreffi,
1252 2211 1290 2264 rn

147 2302 254 2381 viam
273 2300 423 2430 regiam
445 2301 662 2380 redeamus
722 2251 806 2408 Ψ
766 2319 961 2379 ucontra
981 2325 1142 2379 ornnem
1167 2298 1210 2377 in
1228 2325 1292 2378 oc-

146 2413 259 2495 clefia
277 2415 494 2522 primatum
511 2439 637 2538 nuper
656 2412 848 2522 scripsrsli,
869 2439 974 2492 nunc
995 2413 1154 2491 Petrum
1173 2406 1293 2519 Apos-

145 2525 626 2633 tolicaecoronaeprincipem
641 2525 816 2635 appellas.
858 2525 961 2635 Qis
975 2522 1046 2604 tibi
1059 2519 1293 2602 authoritate

147 2657 228 2718 tam
248 2636 355 2716 fluxa
373 2635 618 2716 homunculo
638 2636 758 2716 fidem
779 2634 946 2715 habeat?
1004 2635 1114 2743 Qid
1128 2633 1292 2714 Petrus?

132 2746 300 2855 subjesli
314 2749 417 2855 estote
442 2777 536 2827 omna
532 2749 728 2829 humanae
749 2747 972 2828 ordinationi
984 2764 1141 2874 propter
1160 2744 1293 2827 Domi-

145 2890 231 2941 num
234 2859 340 2965 ,five
359 2859 444 2988 regi
457 2858 808 2969 utstcpereminenti,
819 2860 908 2966 five
922 2858 1154 2970 praefidibus,
1170 2877 1215 2938 ut
1233 2857 1298 2968 qui

140 2991 213 3082 per
235 3001 314 3052 eum
332 2966 549 3066 mittuntur,
574 2971 810 3053 adustionem
832 2971 971 3082 quidem
985 2967 1293 3081 fhcinorrfforum,

146 3084 288 3166 laudem
306 3111 395 3165 uero
382 3084 740 3193 benefacientium
770 3084 937 3220 quoniam
964 3084 1019 3164 ita
1047 3084 1095 3190 est
1121 3082 1295 3163 uoluntas

147 3197 238 3277 Dei.
299 3197 457 3305 Scripsrt
483 3194 563 3276 haec
591 3199 729 3276 Petrus
755 3225 833 3276 non
865 3192 991 3276 solum
1024 3196 1200 3304 privatis,
1231 3194 1295 3275 sed

146 3310 267 3389 etiam
286 3309 444 3389 advenis
462 3337 533 3417 per
553 3310 749 3389 minorem
770 3307 851 3388 fere
872 3308 936 3387 As
926 3336 1005 3388 am
1025 3305 1212 3417 dispersis,
1235 3326 1294 3386 at·

146 3448 224 3528 que
244 3420 463 3529 dispalatis3
493 3422 565 3528 qui
584 3422 624 3498 in
650 3422 697 3500 iis
722 3420 790 3499 ubi
815 3420 1010 3528 degebant
1033 3419 1130 3498 locis
1147 3419 1295 3498 nullius

139 3533 238 3638 juris
268 3553 524 3641 praeterquam
554 3531 754 3641 hospitalis
781 3560 941 3641 capaces
970 3550 1092 3610 erant.
1151 3532 1219 3610 An
1251 3550 1295 3610 tu

144 3645 304 3739 incolas,
321 3645 479 3738 liberos,
500 3644 665 3738 nobileS,
678 3645 954 3751 indigenarum
973 3659 1204 3735 conventus,
1223 3671 1293 3724 co·

146 3758 273 3850 mitia,
287 3759 526 3865 parlamenta
546 3757 653 3835 idem
673 3757 714 3834 in
736 3755 800 3836 sua
819 3758 957 3864 patria,
969 3756 1076 3864 quod
1096 3753 1241 3863 sparsos
1256 3774 1296 3835 et

145 3870 372 3977 peregrinos
393 3870 433 3946 in
453 3868 578 3947 aliena
597 3870 734 3947 decere
758 3870 897 3976 putas?
926 3895 973 3947 an
995 3869 1101 3946 idem
1126 3868 1296 3974 privatos

145 3979 283 4059 decere
298 3980 338 4057 in
356 3980 435 4073 sua,
450 3981 558 4087 quod
579 3979 768 4059 senatores
783 3998 822 4058 et
838 3980 1099 4088 magistratus,
1113 3978 1192 4057 fine
1203 3979 1295 4086 qui·

146 4091 218 4170 bus
232 4119 278 4170 ne
293 4118 401 4198 reges
414 4091 576 4199 quidem
591 4093 664 4170 effe
678 4091 852 4199 possunt?
870 4091 1075 4171 sacramen
1093 4089 1295 4199 indigenas

141 4202 272 4296 -suiffe,
301 4201 362 4282 sac
383 4232 460 4282 non
486 4204 669 4311 privatos,
698 4203 761 4282 sed
783 4206 970 4283 Senatum
990 4202 1120 4312 ipsum
1140 4204 1293 4284 Roma-

145 4343 258 4408 num,
278 4317 343 4394 cui
369 4312 448 4394 haec
475 4314 615 4423 scripta
640 4314 739 4395 sunt.
800 4315 911 4425 Qid
940 4318 1030 4395 inde
1059 4314 1293 4423 assequeris?

144 4423 238 4506 cbm
258 4426 412 4506 nullum
433 4446 672 4536 praeceptum
688 4430 753 4507 cui
767 4430 866 4507 ratio
883 4429 1011 4535 aliqua
1027 4427 1208 4532 adjunsta
1222 4425 1293 4522 est,

143 4566 369 4648 quenquam
384 4538 484 4618 ultra
501 4539 610 4617 illam
627 4541 810 4647 praecepti
826 4541 1019 4619 rationem
1035 4539 1210 4647 obligare
1225 4556 1295 4619 aut

142 4651 259 4732 soleat
278 4671 345 4730 aut
365 4651 491 4759 poffit.
552 4651 674 4757 Estote
681 4650 870 4758 stabjeela,
889 4649 1106 4753 ὑποτάγητε,
1129 4652 1169 4731 id
1188 4649 1293 4732 estfi

142 4766 224 4842 vim
244 4763 353 4844 verbi
373 4762 532 4871 spedtes,
553 4760 806 4856 subordinari,
832 4763 896 4843 seu
918 4761 1096 4872 legitime
1116 4762 1294 4870 subjecti,
