2888 5204
339 587 729 723 supplementum
755 587 1026 725 Responsio,
1177 632 1253 709 421

104 764 192 849 δα
214 769 348 847 omnia
372 766 467 847 scito
493 788 530 848 te
559 766 658 848 nihil
683 769 789 878 quod
815 759 861 849 ad
888 798 971 850 rem
999 770 1191 880 pertineat
1218 771 1257 847 in

104 881 287 961 medium
304 880 517 988 protulisse.
579 883 691 990 Qiid
705 881 865 987 juverit,
878 882 1019 991 quaeso,
1033 882 1095 962 vel
1114 884 1155 960 in
1171 881 1257 961 foro

104 990 329 1071 testimonia
349 997 566 1099 generatim
586 994 704 1087 diua,
725 995 821 1102 quid
845 996 975 1102 elogia
997 999 1045 1074 de
1069 997 1144 1073 tuis
1163 993 1256 1074 doti·

104 1101 191 1197 bus,
221 1105 318 1213 quid
353 1106 518 1185 incertas
551 1106 837 1186 blandientium
871 1108 1090 1188 amicorum
1125 1108 1257 1186 laudes

104 1214 297 1326 proferre,
312 1216 338 1294 fi
358 1244 434 1324 ego
449 1237 486 1296 te
501 1238 700 1296 certorum
714 1220 927 1298 criminum
941 1219 1100 1299 accuso?
1122 1222 1256 1298 Accu-

104 1329 238 1408 sarunt
257 1347 294 1409 te
315 1330 497 1408 adulterii
515 1332 686 1408 Genevae
696 1330 793 1409 olim
809 1334 882 1409 viri
898 1359 1033 1439 graves
1048 1363 1057 1423 ;
1084 1350 1255 1440 tempus,

104 1440 257 1534 iocum,
284 1441 501 1520 adulteram
529 1445 805 1523 nominarunt:
837 1444 1055 1522 multorum
1076 1465 1256 1551 praterea

104 1553 322 1633 :timinam
352 1572 388 1632 te
413 1552 651 1633 detulerunt.
712 1554 825 1667 Qid
850 1556 877 1634 fi
902 1554 1013 1634 istam
1039 1554 1255 1663 faraginem

104 1680 181 1775 pro
207 1665 431 1744 testimonio
454 1665 664 1770 Judicibus
691 1687 777 1746 tum
804 1670 882 1745 tuis
908 1667 1161 1746 ostendisses?
1191 1694 1256 1744 ac-

104 1774 337 1887 cepturdsne
358 1797 472 1888 putas
495 1775 607 1857 fuisse
635 1807 715 1871 eos,
737 1776 854 1885 te'que
877 1778 1156 1858 absolvendum
1176 1779 1255 1857 istis

104 1889 338 1970 criminibus
368 1888 481 1969 fuiffe
505 1889 693 1970 continub
717 1891 985 1996 judicaturos?
1016 1890 1143 1970 immo
1161 1889 1255 1970 verb

104 1999 291 2105 inffiiient
311 2021 364 2094 te,
380 2000 516 2082 ablatis
537 2000 640 2081 hisce
661 2005 790 2110 nugis,
807 2002 980 2112 appositi
999 2002 1252 2111 respondere;

104 2109 282 2192 ulldmne
300 2140 393 2192 cum
408 2113 477 2194 ista
493 2113 656 2193 foemina
676 2143 775 2208 rem,
792 2112 1032 2195 rationemve
1047 2115 1228 2195 habueris
1243 2146 1252 2210 ;

104 2222 232 2305 illo'in
253 2224 369 2305 horto
384 2221 522 2306 eimne
538 2228 764 2306 conveneris
778 2258 788 2320 ;
810 2227 879 2311 illo
895 2230 1130 2334 intugurio‚
1144 2228 1254 2307 clau-

104 2335 335 2430 ausoribus,
357 2333 505 2417 soit‘tsne
530 2366 624 2417 cum
645 2338 723 2417 sola
750 2337 883 2417 fueris.
943 2339 1041 2417 Haec
1061 2359 1101 2418 et
1119 2337 1254 2445 hujus·

104 2440 219 2528 inodi
239 2451 364 2529 multa
378 2478 428 2529 ex
447 2470 485 2528 te
501 2451 762 2559 requisiiient3
784 2452 833 2529 ad
846 2478 933 2558 quae
948 2451 1109 2557 singula,
1127 2478 1254 2558 neque

104 2548 245 2641 in-illo
273 2581 360 2641 tum
379 2562 545 2667 judicio,
566 2563 672 2670 quod
700 2582 738 2641 te
758 2561 847 2667 jure
872 2561 1067 2642 absolvere
1087 2564 1148 2642 vel
1176 2563 1254 2641 sus·

104 2675 263 2783 picione
291 2673 414 2784 posset
434 2674 646 2781 (judicium
674 2677 782 2753 enim
809 2673 908 2754 illud
935 2676 1059 2783 petiti
1085 2676 1254 2754 abeundi

104 2785 266 2866 lieentia
285 2783 546 2866 commodirm
572 2787 810 2894 praevertisti)
834 2814 961 2894 neque
981 2787 1022 2864 in
1041 2785 1119 2866 hoc
1138 2787 1253 2880 libro,

104 2914 177 2977 too·
185 2898 340 3009 alioqui·
350 2900 509 3009 ineptiis
525 2897 786 2992 refertiffimo,
800 2899 1014 3007 quicquam
1030 2900 1252 3009 respondes.

104 3008 221 3089 Facis
240 3012 347 3090 idem
368 3010 521 3119 prorsus
540 3012 579 3089 in
600 3010 711 3090 causa
730 3038 888 3119 quoque
912 3012 1126 3091 Pontiana:
1156 3013 1252 3121 quid

104 3121 144 3200 in
159 3119 256 3200 ¹foro
276 3123 508 3202 transadium
530 3124 588 3215 fit,
610 3144 851 3232 quantopere
867 3144 934 3202 tua
950 3126 1075 3230 gratia
1089 3124 1136 3204 ad
1158 3152 1253 3232 pra-

104 3232 295 3334 iudicium
328 3234 476 3315 misera
506 3235 747 3314 muliercula
778 3236 864 3343 post
897 3237 1070 3315 Salmafii
1099 3236 1253 3315 obitum

104 3345 283 3440 valuerit,
302 3346 509 3453 suspiciosb
527 3347 745 3428 admodum
775 3346 854 3455 ipse
881 3374 1023 3425 narras.
1083 3349 1147 3426 De
1176 3349 1253 3426 iilis

104 3458 303 3537 nodumis
319 3459 438 3564 Haga
454 3460 623 3540 Leidam·
640 3458 860 3551 itineribus,
875 3457 923 3536 de
941 3459 1018 3538 illis
1034 3486 1128 3537 cum
1147 3460 1252 3537 Pon-

104 3569 163 3649 tia·
187 3569 435 3651 clandestinis
462 3592 581 3678 atque
609 3573 808 3650 noeturnis
829 3571 1107 3676 congreffibus,
1127 3598 1253 3678 quan·

104 3706 225 3789 qnam
245 3679 327 3762 hoc
346 3702 388 3762 et
406 3683 534 3762 multb
551 3684 663 3791 plura
679 3682 903 3788 hujusmodi
921 3682 1105 3763 omuibus
1125 3687 1164 3760 in
1183 3708 1251 3761 ore

104 3793 685 3886 sunt,=nul-lumverbum·faeis.
723 3796 834 3904 de
855 3793 1109 3903 hanc-prorsus
1127 3795 1251 3873 alien·

104 3903 361 3986 iiiimu'nobis
375 3905 580 3985 obtrudis?
610 3905 738 3986 immb
753 3907 851 4017 quid
865 3908 1028 3987 omnino
1044 3904 1145 3986 hanc
1164 3926 1251 3986 tan·

104 4034 186 4125 tam
205 4018 408 4096 literarum
429 4046 473 4097 ac
494 4018 809 4098 testimoniorum
829 4021 1054 4124 congeriem
1073 4020 1146 4098 tibi
1168 4019 1251 4098 ullo

104 4140 282 4240 tempore
304 4130 567 4240 comparasti?
598 4158 645 4209 an
674 4132 780 4238 quod
813 4149 971 4209 tuaemet
996 4132 1077 4239 ipse
1100 4132 1251 4211 consci-

104 4243 216 4321 nntiae
233 4241 321 4322 satis
342 4243 529 4350 'probatus
554 4243 658 4351 apud
683 4263 722 4322 te
749 4269 826 4321 non
852 4244 965 4322 erasi
995 4270 1043 4321 an
1068 4245 1177 4351 quod
1201 4246 1249 4322 de

104 4372 140 4434 te
161 4374 233 4433 nec
255 4354 327 4432 tibi
348 4354 434 4461 ipsi,
452 4380 524 4433 nec
544 4354 761 4463 spontaneis
782 4352 993 4433 hominum
1011 4354 1251 4434 sermonibus

104 4466 258 4546 saedere
278 4465 460 4560 audebas,
481 4466 550 4545 nifi
575 4485 634 4545 tot
655 4467 799 4546 coadiis
822 4466 1046 4546 nominibus
1074 4496 1119 4545 ac
1136 4466 1249 4544 'testi-

104 4578 250 4681 moniis
261 4576 419 4656 tibimet
433 4578 712 4657 confirmatum
724 4575 906 4657 hoc‘effet
921 4598 1038 4686 atque
1050 4578 1248 4671 testatum,

104 4689 261 4798 idq'uod
275 4689 425 4797 alioqui
443 4717 646 4798 nunquam
661 4689 893 4782 credidiffes,
906 4710 945 4768 te
958 4691 1087 4768 virum
1099 4689 1250 4768 bonum

104 4820 176 4882 nut·
189 4802 436 4882 tolerabilem
466 4800 569 4910 posse
596 4803 785 4910 cuiquam
806 4802 961 4881 videri?
990 4802 1057 4880 An
1078 4799 1169 4881 verb
1193 4821 1252 4881 tot
