2888 5204
147 584 225 692 382
342 664 347 673 ,
402 564 628 666 Authoris
652 604 739 703 pro
762 566 807 667 se
832 564 1059 667 Defensio

142 742 315 853 prodesse
331 742 443 824 nobis
462 742 699 838 censuimus,
715 744 823 825 suam
837 764 971 826 autem
991 772 1086 853 erga
1100 744 1228 851 Reges
1238 741 1279 821 fi·

142 858 236 937 dem
251 885 302 938 ex
320 855 388 935 suo
407 858 449 939 iu
469 883 538 935 nos
557 855 651 935 odio
665 853 956 966 verbort‘rmque
975 856 1187 936 acerbitate
1199 882 1279 965 per·

143 969 239 1079 spici
269 988 337 1049 aut
370 969 529 1077 probari
563 996 642 1048 non
673 969 921 1050 arbitramur.
981 969 1121 1048 Multa
1149 966 1278 1047 deinde

143 1083 329 1190 praeteris,
342 1110 426 1189 quae
443 1081 550 1160 nimis
561 1109 677 1160 meum
688 1080 726 1160 in
738 1081 912 1188 religione
921 1080 1084 1162 animum
1096 1077 1257 1189 produnt
1266 1109 1277 1169 ,·

143 1214 184 1273 et
198 1192 321 1303 sapis:
352 1191 414 1273 fac
433 1213 474 1272 et
484 1193 584 1272 illud
598 1221 756 1302 quoque
768 1214 984 1303 praetereas,
996 1191 1107 1301 qubd
1123 1209 1161 1273 te
1177 1190 1280 1271 lomi·

142 1304 356 1411 nemstrcrir
373 1305 559 1385 addifium
580 1307 781 1413 Cotyttiis,
802 1305 933 1400 credo,
955 1325 1023 1384 aut
1048 1304 1192 1397 Iliacis,
1210 1330 1280 1382 non

141 1417 497 1525 =Evangelicis(nis1
517 1419 719 1497 addietum
738 1419 792 1498 ita
811 1438 855 1498 ut
873 1419 1064 1497 devotum
1083 1415 1279 1524 intelligis)

142 1529 412 1635 adverstzrium‚
424 1530 531 1637 quod
544 1557 619 1636 ego
631 1528 733 1608 mihi
745 1529 1055 1611 honestiffimum
1067 1529 1187 1623 duco,
1199 1554 1281 1605 nac·

145 1660 207 1722 tus
223 1642 322 1723 sum.
378 1642 437 1721 At
449 1643 557 1722 enim
570 1641 630 1720 illi
643 1641 710 1750 qui
716 1641 899 1747 diberstrm
910 1640 935 1722 ἃ
947 1640 1048 1723 nobis
1065 1641 1107 1721 in
1120 1639 1281 1747 religione

129 1752 317 1861 statiunt,
333 1755 384 1834 fic
397 1755 506 1834 enim
520 1753 593 1833 tibi
612 1751 864 1862 prospiciens,
878 1754 1058 1834 Ecclefiae
1068 1751 1281 1862 prospicere

144 1866 269 1947 videri
288 1868 421 1959 velles,
442 1894 487 1946 ex
506 1866 574 1974 ista
581 1863 727 1973 sabula
746 1867 918 1972 Ecclesiis
940 1864 1070 1974 nostris
1090 1860 1285 1971 insultandi

144 1977 268 2083 arfirm
278 1978 485 2086 arripiunt,
499 1977 814 2087 quastpatiantur
827 1978 915 2087 ipsae
928 1977 1055 2087 qualia
1068 1976 1185 2084 uulgi
1203 1994 1282 2057 tur·

138 2090 209 2198 pria
226 2089 328 2170 dieu
337 2090 569 2196 strcrpsculis
586 2088 812 2194 objiciuntur
822 2091 933 2197 siris:
964 2108 1004 2169 et
1029 2087 1177 2168 meritb
1201 2087 1283 2196 qui·

143 2203 251 2295 dem,
269 2203 297 2282 fi
316 2202 528 2312 patiantur,
544 2197 684 2282 verum
703 2201 786 2311 spes
805 2202 874 2296 est,
897 2229 974 2281 non
994 2199 1068 2280 esse
1094 2200 1282 2313 passuras:

144 2313 241 2393 salus
254 2314 359 2395 certe
374 2315 489 2394 unica
502 2342 634 2394 rerum
645 2313 714 2407 est,
731 2314 757 2394 fi
773 2315 854 2423 pati
867 2315 1077 2394 noluerint.
1129 2314 1173 2393 Si
1185 2313 1284 2391 euim

143 2426 354 2536 patiantur,
366 2455 453 2535 quae
467 2445 509 2505 tu
529 2427 570 2504 in
590 2454 655 2505 me
668 2427 745 2505 tela
759 2427 945 2506 leviffima
960 2425 1178 2531 conjecisti,
1190 2424 1283 2505 eain

146 2560 184 2618 te
199 2566 275 2646 ego
291 2539 507 2619 acutislima
521 2558 741 2645 retorqueo.
777 2539 933 2618 Satanae
946 2536 1158 2646 triumphus
1171 2553 1284 2644 para·

145 2669 226 2743 tur,
233 2650 457 2758 scandalum
469 2650 729 2756 infirmioribus
742 2668 911 2743 creatur,
925 2649 1081 2729 inimicis
1096 2647 1283 2757 gaudium,

129 2762 245 2868 sociis
273 2762 387 2857 dolor,
401 2762 501 2870 fidei
523 2761 708 2842 damnum.
768 2763 866 2842 Haec
885 2790 975 2842 vera
1001 2759 1090 2840 sunt
1117 2790 1199 2841 uon
1227 2787 1283 2841 me

145 2874 345 2957 accusante
374 2874 438 2953 sed
466 2893 503 2953 te
524 2875 738 2983 impunito.
796 2874 941 2954 Talem
961 2873 1035 2952 effe
1060 2900 1283 2982 quenquam

145 2987 186 3064 in
204 2985 434 3066 Reformata
449 2987 633 3066 videlicet
649 2986 822 3066 Ecclesia
837 2986 1071 3065 Ministrum
1087 2984 1284 3065 adversarii

145 3101 341 3204 gaudent:
372 3097 523 3178 accusat
546 3097 714 3205 aliquis?
744 3097 932 3191 multum,
953 3096 1055 3176 mihi
1081 3098 1216 3191 crede,
1242 3097 1282 3175 de

145 3210 218 3290 isio
238 3211 383 3317 gaudio
401 3211 579 3318 protinus
606 3212 839 3290 remittunt:
871 3210 1076 3290 damnatur
1103 3211 1135 3291 is
1163 3210 1283 3289 incor-

145 3324 269 3431 ruptis
284 3343 324 3402 et
340 3323 604 3430 integerrimis
620 3322 882 3403 Ecclesrarum
898 3320 1092 3428 suffragiis
1106 3324 1120 3402 l
1172 3319 1284 3402 Nihil

143 3434 253 3542 aeque
283 3435 441 3515 dolent:
484 3436 674 3541 namqui
704 3433 976 3543 Presbyterum
1009 3431 1282 3513 Reformatum
1323 3450 1326 3529 ῑ

146 3545 386 3654 flagitiorum
402 3545 564 3639 incusat,
584 3546 735 3626 accusat
750 3547 856 3625 idem
873 3545 1084 3626 sacerdotes
1099 3573 1239 3626 omues
1252 3562 1284 3623 et
1324 3546 1326 3577 ²

146 3657 377 3738 sacrificulos
403 3660 618 3738 eorundem
643 3657 864 3738 facinorum
891 3659 961 3737 fibi
987 3656 1191 3738 conscios:
1223 3657 1283 3766 qui

143 3770 259 3850 illum
278 3771 454 3864 absolvit,
471 3769 542 3849 hos
559 3772 686 3851 multo
703 3767 855 3850 facilius
869 3770 1038 3850 absolvat
1053 3770 1205 3851 necesse
1221 3768 1280 3849 est.

147 3882 303 3961 Frustra
318 3911 389 3962 nos
407 3883 571 3990 quidem
594 3884 829 3990 opinionum
852 3882 1098 3989 quarundam
1126 3902 1168 3962 et
1195 3883 1283 3988 dog·

145 4014 314 4088 matum,
327 3993 466 4074 frustra
482 3997 601 4073 etiam
618 3995 708 4074 fidei
723 3993 1042 4074 reformationem
1057 3993 1282 4100 gloriamur,

144 4105 213 4183 nisr
244 4134 403 4186 morum
436 4104 562 4185 sanda
592 4107 750 4186 censura
781 4107 925 4215 pariter
955 4134 1116 4215 quoque
1144 4107 1280 4215 vigeat.

145 4217 241 4295 Non
256 4217 474 4297 doctrinam
489 4215 643 4297 tantiam
656 4218 924 4312 reformatam,
938 4219 1001 4298 sed
1018 4220 1216 4299 Doctores
1229 4244 1283 4297 re·

144 4326 332 4409 formatos
348 4329 422 4409 esse
435 4332 634 4423 convenit,
651 4330 679 4408 fi
694 4350 868 4438 ereptam
872 4331 987 4438 sacri
1009 4330 1103 4410 culis
1114 4350 1281 4442 ereptam

144 4441 300 4521 Satanae
334 4441 537 4546 irfirltandi
565 4442 690 4548 ansam
724 4443 921 4550 cupimus.
981 4446 1188 4549 Magnum,
1221 4444 1281 4535 ais,

141 4554 306 4633 honorem
325 4552 524 4634 labereme
540 4552 743 4634 Ordinibus
757 4553 951 4635 Faederati
967 4553 1104 4662 Belgis,
1125 4584 1215 4665 quos
1231 4555 1282 4634 in·

141 4665 265 4770 digere
291 4683 420 4774 putem
450 4683 573 4746 notare
602 4696 691 4746 me:
727 4668 922 4747 monitore
957 4669 1100 4777 opinor
1135 4666 1282 4748 volebas

140 4777 283 4857 dicere.
344 4775 479 4858 Immb
490 4776 583 4857 verb
599 4797 641 4858 tu
655 4779 733 4859 illis
745 4807 867 4887 quem
881 4776 1074 4860 honorem
1091 4776 1283 4863 habuisti?
