<?xml version="1.0" encoding="UTF-8"?>
<!DOCTYPE html PUBLIC "-//W3C//DTD XHTML 1.0 Transitional//EN"
    "http://www.w3.org/TR/xhtml1/DTD/xhtml1-transitional.dtd">
<html xmlns="http://www.w3.org/1999/xhtml" xml:lang="en" lang="en">
 <head>
  <title>
</title>
<meta http-equiv="Content-Type" content="text/html;charset=utf-8" />
  <meta name='ocr-system' content='tesseract 3.04.00' />
  <meta name='ocr-capabilities' content='ocr_page ocr_carea ocr_par ocr_line ocrx_word'/>
</head>
<body>
  <div class='ocr_page' id='page_1' title='image "./worksjohnmilton07miltgoog_0460.png"; bbox 0 0 2888 5204; ppageno 0'>
   <div class='ocr_carea' id='block_1_1' title="bbox 0 0 1448 5204">
    <p class='ocr_par' dir='ltr' id='par_1_1' title="bbox 0 0 1448 5204">
     <span class='ocr_line' id='line_1_1' title="bbox 0 0 1448 5204; baseline 0 -4978"><span class='ocrx_word' id='word_1_1' title='bbox 0 0 1448 5204; x_wconf 95' lang='lat' dir='ltr'>   </span> <span class='ocrx_word' id='word_1_2' title='bbox 895 226 1448 278; x_wconf 95' lang='lat' dir='ltr'> </span> 
     </span>
    </p>
   </div>
   <div class='ocr_carea' id='block_1_2' title="bbox 275 587 1290 712">
    <p class='ocr_par' dir='ltr' id='par_1_2' title="bbox 275 587 1290 712">
     <span class='ocr_line' id='line_1_2' title="bbox 275 587 1290 712; baseline 0.009 -30"><span class='ocrx_word' id='word_1_3' title='bbox 275 587 558 685; x_wconf 87' lang='lat' dir='ltr'>Accedence</span> <span class='ocrx_word' id='word_1_4' title='bbox 583 588 868 686; x_wconf 90' lang='lat' dir='ltr'>commenc’t</span> <span class='ocrx_word' id='word_1_5' title='bbox 891 594 1153 686; x_wconf 85' lang='lat' dir='ltr'>Grammar.</span> <span class='ocrx_word' id='word_1_6' title='bbox 1210 631 1290 712; x_wconf 85' lang='lat'>443</span> 
     </span>
    </p>
   </div>
   <div class='ocr_carea' id='block_1_3' title="bbox 142 761 1294 872">
    <p class='ocr_par' dir='ltr' id='par_1_3' title="bbox 142 761 1294 872">
     <span class='ocr_line' id='line_1_3' title="bbox 142 761 1294 872; baseline 0.003 -32"><span class='ocrx_word' id='word_1_7' title='bbox 142 781 241 854; x_wconf 90' lang='lat' dir='ltr'>two,</span> <span class='ocrx_word' id='word_1_8' title='bbox 261 788 301 841; x_wconf 90' lang='lat' dir='ltr'>as</span> <span class='ocrx_word' id='word_1_9' title='bbox 327 762 387 842; x_wconf 83' lang='lat' dir='ltr'>ln&#39;c</span> <span class='ocrx_word' id='word_1_10' title='bbox 413 779 450 842; x_wconf 84' lang='lat' dir='ltr'>et</span> <span class='ocrx_word' id='word_1_11' title='bbox 477 763 558 843; x_wconf 84' lang='lat' dir='ltr'>haec</span> <span class='ocrx_word' id='word_1_12' title='bbox 585 763 701 872; x_wconf 84' lang='lat' dir='ltr'>tristis</span> <span class='ocrx_word' id='word_1_13' title='bbox 728 782 765 844; x_wconf 85' lang='lat' dir='ltr'>et</span> <span class='ocrx_word' id='word_1_14' title='bbox 791 764 857 844; x_wconf 82' lang='lat' dir='ltr'>hoc</span> <span class='ocrx_word' id='word_1_15' title='bbox 883 761 986 870; x_wconf 82' lang='lat' dir='ltr'>triste</span> <span class='ocrx_word' id='word_1_16' title='bbox 998 793 1013 855; x_wconf 78' lang='lat'>,⁰</span> <span class='ocrx_word' id='word_1_17' title='bbox 1043 764 1118 843; x_wconf 91' lang='lat' dir='ltr'>and</span> <span class='ocrx_word' id='word_1_18' title='bbox 1139 792 1203 843; x_wconf 90' lang='lat' dir='ltr'>are</span> <span class='ocrx_word' id='word_1_19' title='bbox 1224 765 1294 843; x_wconf 91' lang='lat' dir='ltr'>de-</span> 
     </span>
    </p>
   </div>
   <div class='ocr_carea' id='block_1_4' title="bbox 141 872 1296 1065">
    <p class='ocr_par' dir='ltr' id='par_1_4' title="bbox 141 872 1296 1065">
     <span class='ocr_line' id='line_1_4' title="bbox 141 872 1296 970; baseline 0.003 -19"><span class='ocrx_word' id='word_1_20' title='bbox 141 873 265 952; x_wconf 90' lang='lat' dir='ltr'>clin’d</span> <span class='ocrx_word' id='word_1_21' title='bbox 293 872 374 953; x_wconf 88' lang='lat' dir='ltr'><strong>like</strong></span> <span class='ocrx_word' id='word_1_22' title='bbox 401 873 470 953; x_wconf 93' lang='lat' dir='ltr'>the</span> <span class='ocrx_word' id='word_1_23' title='bbox 498 872 605 954; x_wconf 88' lang='lat' dir='ltr'>third</span> <span class='ocrx_word' id='word_1_24' title='bbox 626 875 862 956; x_wconf 91' lang='lat' dir='ltr'>Declenfion</span> <span class='ocrx_word' id='word_1_25' title='bbox 883 873 932 954; x_wconf 85' lang='lat' dir='ltr'>of</span> <span class='ocrx_word' id='word_1_26' title='bbox 957 876 1233 970; x_wconf 76' lang='lat' dir='ltr'>substantives,</span> <span class='ocrx_word' id='word_1_27' title='bbox 1256 902 1296 955; x_wconf 84' lang='lat' dir='ltr'>as</span> 
     </span>
     <span class='ocr_line' id='line_1_5' title="bbox 143 981 369 1065; baseline 0.004 -2"><span class='ocrx_word' id='word_1_28' title='bbox 143 981 369 1065; x_wconf 88' lang='lat' dir='ltr'>followeth.</span> 
     </span>
    </p>
   </div>
   <div class='ocr_carea' id='block_1_5' title="bbox 143 1121 1297 1996">
    <p class='ocr_par' dir='ltr' id='par_1_5' title="bbox 387 1121 1070 1230">
     <span class='ocr_line' id='line_1_6' title="bbox 387 1121 1070 1230; baseline 0.001 -31"><span class='ocrx_word' id='word_1_29' title='bbox 387 1121 492 1230; x_wconf 84' lang='lat' dir='ltr'>Sing.</span> <span class='ocrx_word' id='word_1_30' title='bbox 955 1122 1070 1201; x_wconf 88' lang='lat' dir='ltr'>Plnr.</span> 
     </span>
    </p>

    <p class='ocr_par' dir='ltr' id='par_1_6' title="bbox 143 1227 1297 1648">
     <span class='ocr_line' id='line_1_7' title="bbox 143 1227 1297 1328; baseline 0.004 -18"><span class='ocrx_word' id='word_1_31' title='bbox 143 1233 256 1310; x_wconf 88' lang='lat' dir='ltr'>Nom.</span> <span class='ocrx_word' id='word_1_32' title='bbox 271 1227 337 1311; x_wconf 94' lang='lat' dir='ltr'>hic</span> <span class='ocrx_word' id='word_1_33' title='bbox 350 1230 568 1314; x_wconf 85' lang='lat' dir='ltr'>haecethoc</span> <span class='ocrx_word' id='word_1_34' title='bbox 576 1234 690 1314; x_wconf 88' lang='lat' dir='ltr'>Felix</span> <span class='ocrx_word' id='word_1_35' title='bbox 755 1235 866 1311; x_wconf 87' lang='lat' dir='ltr'>Nom.</span> <span class='ocrx_word' id='word_1_36' title='bbox 889 1230 932 1312; x_wconf 92' lang='lat' dir='ltr'>hi</span> <span class='ocrx_word' id='word_1_37' title='bbox 951 1252 992 1312; x_wconf 90' lang='lat' dir='ltr'>et</span> <span class='ocrx_word' id='word_1_38' title='bbox 1010 1231 1070 1312; x_wconf 85' lang='lat' dir='ltr'>hae</span> <span class='ocrx_word' id='word_1_39' title='bbox 1089 1231 1237 1328; x_wconf 85' lang='lat' dir='ltr'>felices,</span> <span class='ocrx_word' id='word_1_40' title='bbox 1258 1253 1297 1314; x_wconf 93' lang='lat' dir='ltr'>et</span> 
     </span>
     <span class='ocr_line' id='line_1_8' title="bbox 150 1341 1038 1425; baseline 0.005 -5"><span class='ocrx_word' id='word_1_41' title='bbox 150 1343 245 1421; x_wconf 85' lang='lat' dir='ltr'><em>Gen.</em></span> <span class='ocrx_word' id='word_1_42' title='bbox 267 1341 394 1425; x_wconf 89' lang='lat' dir='ltr'>felicis</span> <span class='ocrx_word' id='word_1_43' title='bbox 729 1375 731 1379; x_wconf 69' lang='grc'>’</span> <span class='ocrx_word' id='word_1_44' title='bbox 806 1342 888 1423; x_wconf 85' lang='lat' dir='ltr'>haec</span> <span class='ocrx_word' id='word_1_45' title='bbox 908 1343 1038 1424; x_wconf 89' lang='lat' dir='ltr'>felicia</span> 
     </span>
     <span class='ocr_line' id='line_1_9' title="bbox 146 1453 1050 1535; baseline 0.002 -3"><span class='ocrx_word' id='word_1_46' title='bbox 146 1455 249 1533; x_wconf 86' lang='lat' dir='ltr'>Dat.</span> <span class='ocrx_word' id='word_1_47' title='bbox 271 1453 379 1535; x_wconf 87' lang='lat' dir='ltr'>felici</span> <span class='ocrx_word' id='word_1_48' title='bbox 756 1458 849 1535; x_wconf 87' lang='lat' dir='ltr'><em>Gen.</em></span> <span class='ocrx_word' id='word_1_49' title='bbox 872 1454 1050 1534; x_wconf 90' lang='lat' dir='ltr'>felicium</span> 
     </span>
     <span class='ocr_line' id='line_1_10' title="bbox 145 1564 1172 1648; baseline 0.005 -6"><span class='ocrx_word' id='word_1_50' title='bbox 145 1566 244 1646; x_wconf 90' lang='lat' dir='ltr'><em>Acc.</em></span> <span class='ocrx_word' id='word_1_51' title='bbox 273 1564 379 1647; x_wconf 91' lang='lat' dir='ltr'>hunc</span> <span class='ocrx_word' id='word_1_52' title='bbox 404 1585 443 1646; x_wconf 87' lang='lat' dir='ltr'>et</span> <span class='ocrx_word' id='word_1_53' title='bbox 468 1565 569 1647; x_wconf 89' lang='lat' dir='ltr'>hanc</span> <span class='ocrx_word' id='word_1_54' title='bbox 602 1567 694 1647; x_wconf 89' lang='lat' dir='ltr'>feli·</span> <span class='ocrx_word' id='word_1_55' title='bbox 752 1570 852 1648; x_wconf 88' lang='lat' dir='ltr'>Dat.</span> <span class='ocrx_word' id='word_1_56' title='bbox 875 1566 969 1645; x_wconf 89' lang='lat' dir='ltr'>Abl.</span> <span class='ocrx_word' id='word_1_57' title='bbox 991 1566 1172 1647; x_wconf 89' lang='lat' dir='ltr'>felicibus</span> 
     </span>
    </p>

    <p class='ocr_par' dir='ltr' id='par_1_7' title="bbox 146 1675 1297 1996">
     <span class='ocr_line' id='line_1_11' title="bbox 202 1675 1297 1772; baseline 0.001 -16"><span class='ocrx_word' id='word_1_58' title='bbox 202 1705 306 1772; x_wconf 88' lang='lat' dir='ltr'>cem,</span> <span class='ocrx_word' id='word_1_59' title='bbox 327 1697 366 1758; x_wconf 92' lang='lat' dir='ltr'>et</span> <span class='ocrx_word' id='word_1_60' title='bbox 386 1675 462 1757; x_wconf 93' lang='lat' dir='ltr'>hoc</span> <span class='ocrx_word' id='word_1_61' title='bbox 483 1676 580 1759; x_wconf 86' lang='lat' dir='ltr'>felix</span> <span class='ocrx_word' id='word_1_62' title='bbox 750 1682 847 1758; x_wconf 89' lang='lat' dir='ltr'><em>Acc.</em></span> <span class='ocrx_word' id='word_1_63' title='bbox 869 1676 941 1757; x_wconf 89' lang='lat' dir='ltr'>hos</span> <span class='ocrx_word' id='word_1_64' title='bbox 961 1698 1000 1757; x_wconf 91' lang='lat' dir='ltr'>et</span> <span class='ocrx_word' id='word_1_65' title='bbox 1020 1677 1088 1758; x_wconf 88' lang='lat' dir='ltr'>has</span> <span class='ocrx_word' id='word_1_66' title='bbox 1105 1677 1239 1758; x_wconf 86' lang='lat' dir='ltr'>felices</span> <span class='ocrx_word' id='word_1_67' title='bbox 1258 1696 1297 1758; x_wconf 93' lang='lat' dir='ltr'>et</span> 
     </span>
     <span class='ocr_line' id='line_1_12' title="bbox 149 1788 1037 1869; baseline 0.003 -3"><span class='ocrx_word' id='word_1_68' title='bbox 149 1790 237 1869; x_wconf 88' lang='lat' dir='ltr'>Voc.</span> <span class='ocrx_word' id='word_1_69' title='bbox 259 1791 284 1869; x_wconf 87' lang='lat'>6</span> <span class='ocrx_word' id='word_1_70' title='bbox 305 1789 404 1869; x_wconf 88' lang='lat' dir='ltr'>felix</span> <span class='ocrx_word' id='word_1_71' title='bbox 808 1789 889 1869; x_wconf 87' lang='lat' dir='ltr'>haec</span> <span class='ocrx_word' id='word_1_72' title='bbox 906 1788 1037 1869; x_wconf 90' lang='lat' dir='ltr'>felicia</span> 
     </span>
     <span class='ocr_line' id='line_1_13' title="bbox 146 1899 1294 1996; baseline 0 -17"><span class='ocrx_word' id='word_1_73' title='bbox 146 1900 240 1981; x_wconf 85' lang='lat' dir='ltr'>Abl.</span> <span class='ocrx_word' id='word_1_74' title='bbox 264 1900 379 1981; x_wconf 88' lang='lat' dir='ltr'>felice</span> <span class='ocrx_word' id='word_1_75' title='bbox 399 1930 442 1980; x_wconf 89' lang='lat' dir='ltr'>or</span> <span class='ocrx_word' id='word_1_76' title='bbox 461 1899 570 1982; x_wconf 88' lang='lat' dir='ltr'>felici</span> <span class='ocrx_word' id='word_1_77' title='bbox 753 1903 840 1982; x_wconf 88' lang='lat' dir='ltr'>Voc.</span> <span class='ocrx_word' id='word_1_78' title='bbox 855 1902 879 1981; x_wconf 96' lang='lat'>6</span> <span class='ocrx_word' id='word_1_79' title='bbox 892 1900 1040 1996; x_wconf 87' lang='lat' dir='ltr'>felices,</span> <span class='ocrx_word' id='word_1_80' title='bbox 1054 1920 1093 1981; x_wconf 89' lang='lat' dir='ltr'>et</span> <span class='ocrx_word' id='word_1_81' title='bbox 1110 1902 1134 1981; x_wconf 98' lang='lat'>6</span> <span class='ocrx_word' id='word_1_82' title='bbox 1150 1900 1294 1981; x_wconf 87' lang='lat' dir='ltr'>felicia.</span> 
     </span>
    </p>
   </div>
   <div class='ocr_carea' id='block_1_6' title="bbox 146 2048 1299 2928">
    <p class='ocr_par' dir='ltr' id='par_1_8' title="bbox 379 2048 1071 2156">
     <span class='ocr_line' id='line_1_14' title="bbox 379 2048 1071 2156; baseline 0.003 -28"><span class='ocrx_word' id='word_1_83' title='bbox 379 2048 485 2156; x_wconf 88' lang='lat' dir='ltr'>Sing.</span> <span class='ocrx_word' id='word_1_84' title='bbox 958 2051 1035 2131; x_wconf 89' lang='lat' dir='ltr'>Plu</span> <span class='ocrx_word' id='word_1_85' title='bbox 1062 2112 1071 2130; x_wconf 94' lang='lat'><em>.</em></span> 
     </span>
    </p>

    <p class='ocr_par' dir='ltr' id='par_1_9' title="bbox 146 2158 1299 2353">
     <span class='ocr_line' id='line_1_15' title="bbox 146 2158 1299 2244; baseline 0.002 -5"><span class='ocrx_word' id='word_1_86' title='bbox 146 2162 259 2240; x_wconf 88' lang='lat' dir='ltr'>Nom.</span> <span class='ocrx_word' id='word_1_87' title='bbox 292 2158 357 2240; x_wconf 95' lang='lat' dir='ltr'>hic</span> <span class='ocrx_word' id='word_1_88' title='bbox 389 2181 428 2240; x_wconf 91' lang='lat' dir='ltr'>et</span> <span class='ocrx_word' id='word_1_89' title='bbox 462 2159 542 2241; x_wconf 83' lang='lat' dir='ltr'>haec</span> <span class='ocrx_word' id='word_1_90' title='bbox 575 2162 691 2244; x_wconf 87' lang='lat' dir='ltr'>tristis</span> <span class='ocrx_word' id='word_1_91' title='bbox 751 2164 862 2242; x_wconf 86' lang='lat' dir='ltr'>Nom.</span> <span class='ocrx_word' id='word_1_92' title='bbox 886 2160 990 2243; x_wconf 92' lang='lat' dir='ltr'>hiet</span> <span class='ocrx_word' id='word_1_93' title='bbox 1018 2161 1077 2243; x_wconf 87' lang='lat' dir='ltr'>hae</span> <span class='ocrx_word' id='word_1_94' title='bbox 1105 2162 1229 2243; x_wconf 87' lang='lat' dir='ltr'>tristes</span> <span class='ocrx_word' id='word_1_95' title='bbox 1257 2181 1299 2242; x_wconf 91' lang='lat' dir='ltr'>et</span> 
     </span>
     <span class='ocr_line' id='line_1_16' title="bbox 204 2271 1031 2353; baseline 0.002 -2"><span class='ocrx_word' id='word_1_96' title='bbox 204 2293 244 2352; x_wconf 90' lang='lat' dir='ltr'>et</span> <span class='ocrx_word' id='word_1_97' title='bbox 263 2272 339 2352; x_wconf 92' lang='lat' dir='ltr'>hoc</span> <span class='ocrx_word' id='word_1_98' title='bbox 362 2272 466 2352; x_wconf 89' lang='lat' dir='ltr'>triste</span> <span class='ocrx_word' id='word_1_99' title='bbox 809 2271 890 2353; x_wconf 87' lang='lat' dir='ltr'>haec</span> <span class='ocrx_word' id='word_1_100' title='bbox 911 2275 1031 2353; x_wconf 88' lang='lat' dir='ltr'>tristia</span> 
     </span>
    </p>

    <p class='ocr_par' dir='ltr' id='par_1_10' title="bbox 150 2385 1039 2465">
     <span class='ocr_line' id='line_1_17' title="bbox 150 2385 1039 2465; baseline 0.002 -2"><span class='ocrx_word' id='word_1_101' title='bbox 150 2385 246 2464; x_wconf 88' lang='lat' dir='ltr'><em>Gen.</em></span> <span class='ocrx_word' id='word_1_102' title='bbox 269 2385 385 2463; x_wconf 88' lang='lat' dir='ltr'>tristis</span> <span class='ocrx_word' id='word_1_103' title='bbox 753 2387 846 2464; x_wconf 88' lang='lat' dir='ltr'><em>Gen.</em></span> <span class='ocrx_word' id='word_1_104' title='bbox 870 2386 1039 2465; x_wconf 85' lang='lat' dir='ltr'>tristium</span> 
     </span>
    </p>

    <p class='ocr_par' dir='ltr' id='par_1_11' title="bbox 147 2495 1162 2578">
     <span class='ocr_line' id='line_1_18' title="bbox 147 2495 1162 2578; baseline -0.001 -2"><span class='ocrx_word' id='word_1_105' title='bbox 147 2498 250 2578; x_wconf 85' lang='lat' dir='ltr'>Dat.</span> <span class='ocrx_word' id='word_1_106' title='bbox 270 2496 364 2576; x_wconf 84' lang='lat' dir='ltr'>Abl.</span> <span class='ocrx_word' id='word_1_107' title='bbox 387 2496 485 2575; x_wconf 88' lang='lat' dir='ltr'>tristi</span> <span class='ocrx_word' id='word_1_108' title='bbox 751 2497 853 2576; x_wconf 85' lang='lat' dir='ltr'>Dat.</span> <span class='ocrx_word' id='word_1_109' title='bbox 875 2497 969 2576; x_wconf 91' lang='lat' dir='ltr'>Abl.</span> <span class='ocrx_word' id='word_1_110' title='bbox 993 2495 1162 2576; x_wconf 90' lang='lat' dir='ltr'>tristibus</span> 
     </span>
    </p>

    <p class='ocr_par' dir='ltr' id='par_1_12' title="bbox 148 2605 1299 2814">
     <span class='ocr_line' id='line_1_19' title="bbox 148 2605 1299 2700; baseline 0 -14"><span class='ocrx_word' id='word_1_111' title='bbox 148 2610 247 2690; x_wconf 80' lang='lat' dir='ltr'>Ace.</span> <span class='ocrx_word' id='word_1_112' title='bbox 276 2607 383 2688; x_wconf 92' lang='lat' dir='ltr'>hunc</span> <span class='ocrx_word' id='word_1_113' title='bbox 412 2627 451 2686; x_wconf 92' lang='lat' dir='ltr'>et</span> <span class='ocrx_word' id='word_1_114' title='bbox 478 2605 579 2687; x_wconf 92' lang='lat' dir='ltr'>hanc</span> <span class='ocrx_word' id='word_1_115' title='bbox 605 2606 692 2687; x_wconf 88' lang='lat' dir='ltr'>tris·</span> <span class='ocrx_word' id='word_1_116' title='bbox 750 2611 848 2689; x_wconf 86' lang='lat' dir='ltr'><em>Acc.</em></span> <span class='ocrx_word' id='word_1_117' title='bbox 871 2607 942 2688; x_wconf 86' lang='lat' dir='ltr'>hos</span> <span class='ocrx_word' id='word_1_118' title='bbox 962 2627 1001 2688; x_wconf 91' lang='lat' dir='ltr'>et</span> <span class='ocrx_word' id='word_1_119' title='bbox 1016 2606 1084 2688; x_wconf 86' lang='lat' dir='ltr'>has</span> <span class='ocrx_word' id='word_1_120' title='bbox 1099 2607 1238 2700; x_wconf 85' lang='lat' dir='ltr'>tristes,</span> <span class='ocrx_word' id='word_1_121' title='bbox 1259 2625 1299 2686; x_wconf 91' lang='lat' dir='ltr'>et</span> 
     </span>
     <span class='ocr_line' id='line_1_20' title="bbox 207 2718 1033 2814; baseline 0.002 -16"><span class='ocrx_word' id='word_1_122' title='bbox 207 2740 302 2814; x_wconf 89' lang='lat' dir='ltr'>tem,</span> <span class='ocrx_word' id='word_1_123' title='bbox 323 2740 363 2799; x_wconf 91' lang='lat' dir='ltr'>et</span> <span class='ocrx_word' id='word_1_124' title='bbox 382 2718 458 2799; x_wconf 94' lang='lat' dir='ltr'>hoc</span> <span class='ocrx_word' id='word_1_125' title='bbox 477 2721 583 2800; x_wconf 88' lang='lat' dir='ltr'>triste</span> <span class='ocrx_word' id='word_1_126' title='bbox 811 2718 891 2799; x_wconf 83' lang='lat' dir='ltr'>haec</span> <span class='ocrx_word' id='word_1_127' title='bbox 911 2721 1033 2800; x_wconf 87' lang='lat' dir='ltr'>tristia</span> 
     </span>
    </p>

    <p class='ocr_par' dir='ltr' id='par_1_13' title="bbox 151 2829 1296 2928">
     <span class='ocr_line' id='line_1_21' title="bbox 151 2829 1296 2928; baseline -0.003 -18"><span class='ocrx_word' id='word_1_128' title='bbox 151 2831 238 2910; x_wconf 88' lang='lat' dir='ltr'>Voc.</span> <span class='ocrx_word' id='word_1_129' title='bbox 261 2833 286 2912; x_wconf 93' lang='lat'>6</span> <span class='ocrx_word' id='word_1_130' title='bbox 307 2832 421 2912; x_wconf 86' lang='lat' dir='ltr'>tristis</span> <span class='ocrx_word' id='word_1_131' title='bbox 441 2852 481 2911; x_wconf 91' lang='lat' dir='ltr'>et</span> <span class='ocrx_word' id='word_1_132' title='bbox 500 2833 525 2912; x_wconf 95' lang='lat'>6</span> <span class='ocrx_word' id='word_1_133' title='bbox 546 2831 665 2911; x_wconf 89' lang='lat' dir='ltr'>triste.</span> <span class='ocrx_word' id='word_1_134' title='bbox 757 2833 842 2912; x_wconf 89' lang='lat' dir='ltr'>Voc.</span> <span class='ocrx_word' id='word_1_135' title='bbox 866 2832 890 2912; x_wconf 96' lang='lat'>6</span> <span class='ocrx_word' id='word_1_136' title='bbox 911 2833 1049 2928; x_wconf 87' lang='lat' dir='ltr'>tristes,</span> <span class='ocrx_word' id='word_1_137' title='bbox 1065 2849 1103 2909; x_wconf 91' lang='lat' dir='ltr'>et</span> <span class='ocrx_word' id='word_1_138' title='bbox 1119 2831 1144 2910; x_wconf 96' lang='lat'>6</span> <span class='ocrx_word' id='word_1_139' title='bbox 1161 2829 1296 2908; x_wconf 90' lang='lat' dir='ltr'>tristia.</span> 
     </span>
    </p>
   </div>
   <div class='ocr_carea' id='block_1_7' title="bbox 147 2977 1301 3538">
    <p class='ocr_par' dir='ltr' id='par_1_14' title="bbox 147 2977 1301 3538">
     <span class='ocr_line' id='line_1_22' title="bbox 206 2977 1301 3061; baseline 0 -3"><span class='ocrx_word' id='word_1_140' title='bbox 206 2977 341 3060; x_wconf 90' lang='lat' dir='ltr'>There</span> <span class='ocrx_word' id='word_1_141' title='bbox 360 2979 410 3059; x_wconf 88' lang='lat' dir='ltr'>be</span> <span class='ocrx_word' id='word_1_142' title='bbox 430 2979 506 3059; x_wconf 92' lang='lat' dir='ltr'>also</span> <span class='ocrx_word' id='word_1_143' title='bbox 521 2977 685 3059; x_wconf 88' lang='lat' dir='ltr'>another</span> <span class='ocrx_word' id='word_1_144' title='bbox 705 2978 782 3060; x_wconf 90' lang='lat' dir='ltr'>sort</span> <span class='ocrx_word' id='word_1_145' title='bbox 797 2978 932 3061; x_wconf 91' lang='lat' dir='ltr'>which</span> <span class='ocrx_word' id='word_1_146' title='bbox 953 2979 1051 3061; x_wconf 90' lang='lat' dir='ltr'>have</span> <span class='ocrx_word' id='word_1_147' title='bbox 1072 2981 1113 3058; x_wconf 91' lang='lat' dir='ltr'>in</span> <span class='ocrx_word' id='word_1_148' title='bbox 1131 2977 1197 3058; x_wconf 91' lang='lat' dir='ltr'>the</span> <span class='ocrx_word' id='word_1_149' title='bbox 1212 2981 1256 3059; x_wconf 96' lang='lat' dir='ltr'>N</span> <span class='ocrx_word' id='word_1_150' title='bbox 1259 3008 1301 3058; x_wconf 92' lang='lat' dir='ltr'>o-</span> 
     </span>
     <span class='ocr_line' id='line_1_23' title="bbox 148 3091 1299 3187; baseline -0.001 -16"><span class='ocrx_word' id='word_1_151' title='bbox 148 3092 337 3171; x_wconf 89' lang='lat' dir='ltr'>minative</span> <span class='ocrx_word' id='word_1_152' title='bbox 352 3091 448 3171; x_wconf 88' lang='lat' dir='ltr'>Case</span> <span class='ocrx_word' id='word_1_153' title='bbox 464 3091 572 3171; x_wconf 91' lang='lat' dir='ltr'>three</span> <span class='ocrx_word' id='word_1_154' title='bbox 586 3093 880 3174; x_wconf 88' lang='lat' dir='ltr'>Terminations</span> <span class='ocrx_word' id='word_1_155' title='bbox 896 3095 972 3173; x_wconf 91' lang='lat' dir='ltr'>and</span> <span class='ocrx_word' id='word_1_156' title='bbox 989 3091 1097 3173; x_wconf 89' lang='lat' dir='ltr'>three</span> <span class='ocrx_word' id='word_1_157' title='bbox 1113 3092 1299 3187; x_wconf 90' lang='lat' dir='ltr'>Articles,</span> 
     </span>
     <span class='ocr_line' id='line_1_24' title="bbox 148 3202 1300 3298; baseline -0.002 -15"><span class='ocrx_word' id='word_1_158' title='bbox 148 3231 190 3283; x_wconf 83' lang='lat' dir='ltr'>as</span> <span class='ocrx_word' id='word_1_159' title='bbox 209 3202 271 3284; x_wconf 85' lang='lat' dir='ltr'>hic</span> <span class='ocrx_word' id='word_1_160' title='bbox 289 3233 391 3298; x_wconf 84' lang='lat' dir='ltr'>acer,</span> <span class='ocrx_word' id='word_1_161' title='bbox 408 3203 469 3283; x_wconf 83' lang='lat' dir='ltr'>hic</span> <span class='ocrx_word' id='word_1_162' title='bbox 488 3222 525 3283; x_wconf 83' lang='lat' dir='ltr'>et</span> <span class='ocrx_word' id='word_1_163' title='bbox 544 3205 625 3283; x_wconf 81' lang='lat' dir='ltr'>haec</span> <span class='ocrx_word' id='word_1_164' title='bbox 643 3204 758 3297; x_wconf 84' lang='lat' dir='ltr'>acris,</span> <span class='ocrx_word' id='word_1_165' title='bbox 779 3207 844 3285; x_wconf 81' lang='lat' dir='ltr'>hoc</span> <span class='ocrx_word' id='word_1_166' title='bbox 862 3235 962 3286; x_wconf 83' lang='lat' dir='ltr'>acre.</span> <span class='ocrx_word' id='word_1_167' title='bbox 1025 3206 1070 3283; x_wconf 91' lang='lat' dir='ltr'>In</span> <span class='ocrx_word' id='word_1_168' title='bbox 1091 3203 1172 3282; x_wconf 89' lang='lat' dir='ltr'>like</span> <span class='ocrx_word' id='word_1_169' title='bbox 1192 3231 1300 3282; x_wconf 89' lang='lat' dir='ltr'>man-</span> 
     </span>
     <span class='ocr_line' id='line_1_25' title="bbox 148 3312 1298 3425; baseline -0.001 -31"><span class='ocrx_word' id='word_1_170' title='bbox 148 3343 220 3394; x_wconf 86' lang='lat' dir='ltr'>ner</span> <span class='ocrx_word' id='word_1_171' title='bbox 239 3315 288 3395; x_wconf 91' lang='lat' dir='ltr'>be</span> <span class='ocrx_word' id='word_1_172' title='bbox 308 3315 488 3395; x_wconf 88' lang='lat' dir='ltr'>declined</span> <span class='ocrx_word' id='word_1_173' title='bbox 507 3316 679 3425; x_wconf 83' lang='lat' dir='ltr'>equester,</span> <span class='ocrx_word' id='word_1_174' title='bbox 692 3316 856 3409; x_wconf 85' lang='lat' dir='ltr'>volucer,</span> <span class='ocrx_word' id='word_1_175' title='bbox 870 3318 944 3396; x_wconf 91' lang='lat' dir='ltr'>and</span> <span class='ocrx_word' id='word_1_176' title='bbox 960 3316 1042 3395; x_wconf 90' lang='lat' dir='ltr'>som</span> <span class='ocrx_word' id='word_1_177' title='bbox 1059 3314 1137 3394; x_wconf 88' lang='lat' dir='ltr'>few</span> <span class='ocrx_word' id='word_1_178' title='bbox 1153 3312 1298 3407; x_wconf 91' lang='lat' dir='ltr'>others,</span> 
     </span>
     <span class='ocr_line' id='line_1_26' title="bbox 147 3424 1301 3538; baseline -0.003 -32"><span class='ocrx_word' id='word_1_179' title='bbox 147 3427 270 3535; x_wconf 88' lang='lat' dir='ltr'>being</span> <span class='ocrx_word' id='word_1_180' title='bbox 295 3428 335 3506; x_wconf 89' lang='lat' dir='ltr'>in</span> <span class='ocrx_word' id='word_1_181' title='bbox 362 3428 415 3507; x_wconf 91' lang='lat' dir='ltr'>all</span> <span class='ocrx_word' id='word_1_182' title='bbox 440 3426 554 3507; x_wconf 92' lang='lat' dir='ltr'>other</span> <span class='ocrx_word' id='word_1_183' title='bbox 579 3427 681 3508; x_wconf 85' lang='lat' dir='ltr'>cases</span> <span class='ocrx_word' id='word_1_184' title='bbox 708 3427 789 3507; x_wconf 90' lang='lat' dir='ltr'>like</span> <span class='ocrx_word' id='word_1_185' title='bbox 817 3426 885 3508; x_wconf 93' lang='lat' dir='ltr'>the</span> <span class='ocrx_word' id='word_1_186' title='bbox 907 3426 1122 3538; x_wconf 87' lang='lat' dir='ltr'>Examples</span> <span class='ocrx_word' id='word_1_187' title='bbox 1149 3424 1301 3505; x_wconf 88' lang='lat' dir='ltr'>before-</span> 
     </span>
    </p>
   </div>
   <div class='ocr_carea' id='block_1_8' title="bbox 149 3541 962 3833">
    <p class='ocr_par' dir='ltr' id='par_1_15' title="bbox 149 3541 962 3833">
     <span class='ocr_line' id='line_1_27' title="bbox 149 3541 287 3647; baseline -0.007 -28"><span class='ocrx_word' id='word_1_188' title='bbox 149 3541 287 3647; x_wconf 85' lang='lat' dir='ltr'>going.</span> 
     </span>
     <span class='ocr_line' id='line_1_28' title="bbox 490 3724 962 3833; baseline 0 -29"><span class='ocrx_word' id='word_1_189' title='bbox 490 3724 742 3833; x_wconf 83' lang='lat' dir='ltr'>Compnristms</span> <span class='ocrx_word' id='word_1_190' title='bbox 760 3725 809 3831; x_wconf 86' lang='lat' dir='ltr'>of</span> <span class='ocrx_word' id='word_1_191' title='bbox 819 3727 962 3804; x_wconf 85' lang='lat' dir='ltr'><em>Nonns.</em></span> 
     </span>
    </p>
   </div>
   <div class='ocr_carea' id='block_1_9' title="bbox 148 3881 1302 4662">
    <p class='ocr_par' dir='ltr' id='par_1_16' title="bbox 148 3881 1301 4329">
     <span class='ocr_line' id='line_1_29' title="bbox 208 3881 1301 3989; baseline -0.004 -25"><span class='ocrx_word' id='word_1_192' title='bbox 208 3883 446 3989; x_wconf 68' lang='lat' dir='ltr'>Adjestives,</span> <span class='ocrx_word' id='word_1_193' title='bbox 462 3881 594 3961; x_wconf 89' lang='lat' dir='ltr'>whose</span> <span class='ocrx_word' id='word_1_194' title='bbox 615 3881 872 3989; x_wconf 73' lang='lat' dir='ltr'>signification</span> <span class='ocrx_word' id='word_1_195' title='bbox 894 3911 984 3988; x_wconf 88' lang='lat' dir='ltr'>may</span> <span class='ocrx_word' id='word_1_196' title='bbox 1001 3881 1168 3961; x_wconf 86' lang='lat' dir='ltr'>increase</span> <span class='ocrx_word' id='word_1_197' title='bbox 1188 3910 1232 3961; x_wconf 92' lang='lat' dir='ltr'>or</span> <span class='ocrx_word' id='word_1_198' title='bbox 1252 3881 1301 3961; x_wconf 89' lang='lat' dir='ltr'>be</span> 
     </span>
     <span class='ocr_line' id='line_1_30' title="bbox 148 3991 1300 4104; baseline -0.003 -27"><span class='ocrx_word' id='word_1_199' title='bbox 148 3995 371 4090; x_wconf 89' lang='lat' dir='ltr'>diminilht,</span> <span class='ocrx_word' id='word_1_200' title='bbox 398 4024 488 4102; x_wconf 90' lang='lat' dir='ltr'>may</span> <span class='ocrx_word' id='word_1_201' title='bbox 508 3993 613 4073; x_wconf 87' lang='lat' dir='ltr'>form</span> <span class='ocrx_word' id='word_1_202' title='bbox 634 3994 909 4104; x_wconf 80' lang='lat' dir='ltr'>Comparisnn,</span> <span class='ocrx_word' id='word_1_203' title='bbox 930 3991 1091 4073; x_wconf 90' lang='lat' dir='ltr'>wherof</span> <span class='ocrx_word' id='word_1_204' title='bbox 1110 3993 1219 4073; x_wconf 91' lang='lat' dir='ltr'>there</span> <span class='ocrx_word' id='word_1_205' title='bbox 1251 3994 1300 4074; x_wconf 92' lang='lat' dir='ltr'>be</span> 
     </span>
     <span class='ocr_line' id='line_1_31' title="bbox 149 4103 1299 4214; baseline -0.003 -25"><span class='ocrx_word' id='word_1_206' title='bbox 149 4130 233 4189; x_wconf 91' lang='lat' dir='ltr'>two</span> <span class='ocrx_word' id='word_1_207' title='bbox 264 4108 425 4214; x_wconf 90' lang='lat' dir='ltr'>degrees</span> <span class='ocrx_word' id='word_1_208' title='bbox 454 4106 576 4186; x_wconf 88' lang='lat' dir='ltr'>above</span> <span class='ocrx_word' id='word_1_209' title='bbox 608 4103 674 4185; x_wconf 89' lang='lat' dir='ltr'>the</span> <span class='ocrx_word' id='word_1_210' title='bbox 704 4107 864 4214; x_wconf 88' lang='lat' dir='ltr'>pofitive</span> <span class='ocrx_word' id='word_1_211' title='bbox 893 4106 1004 4187; x_wconf 92' lang='lat' dir='ltr'>word</span> <span class='ocrx_word' id='word_1_212' title='bbox 1035 4109 1067 4185; x_wconf 93' lang='lat' dir='ltr'>it</span> <span class='ocrx_word' id='word_1_213' title='bbox 1095 4105 1179 4200; x_wconf 90' lang='lat' dir='ltr'>self,</span> <span class='ocrx_word' id='word_1_214' title='bbox 1207 4104 1299 4186; x_wconf 91' lang='lat' dir='ltr'>The</span> 
     </span>
     <span class='ocr_line' id='line_1_32' title="bbox 152 4217 819 4329; baseline -0.006 -29"><span class='ocrx_word' id='word_1_215' title='bbox 152 4221 448 4329; x_wconf 88' lang='lat' dir='ltr'>Comparative,</span> <span class='ocrx_word' id='word_1_216' title='bbox 469 4217 544 4298; x_wconf 88' lang='lat' dir='ltr'>and</span> <span class='ocrx_word' id='word_1_217' title='bbox 564 4217 819 4325; x_wconf 85' lang='lat' dir='ltr'>Superlative.</span> 
     </span>
    </p>

    <p class='ocr_par' dir='ltr' id='par_1_17' title="bbox 149 4327 1302 4662">
     <span class='ocr_line' id='line_1_33' title="bbox 209 4327 1302 4437; baseline -0.001 -26"><span class='ocrx_word' id='word_1_218' title='bbox 209 4331 301 4411; x_wconf 92' lang='lat' dir='ltr'>The</span> <span class='ocrx_word' id='word_1_219' title='bbox 323 4331 490 4410; x_wconf 90' lang='lat' dir='ltr'>Pofitive</span> <span class='ocrx_word' id='word_1_220' title='bbox 522 4327 718 4437; x_wconf 88' lang='lat' dir='ltr'>fignifieth</span> <span class='ocrx_word' id='word_1_221' title='bbox 747 4329 813 4409; x_wconf 89' lang='lat' dir='ltr'>the</span> <span class='ocrx_word' id='word_1_222' title='bbox 834 4329 950 4436; x_wconf 90' lang='lat' dir='ltr'>thing</span> <span class='ocrx_word' id='word_1_223' title='bbox 975 4331 1007 4411; x_wconf 89' lang='lat' dir='ltr'>it</span> <span class='ocrx_word' id='word_1_224' title='bbox 1033 4328 1111 4410; x_wconf 90' lang='lat' dir='ltr'>self</span> <span class='ocrx_word' id='word_1_225' title='bbox 1129 4328 1302 4410; x_wconf 89' lang='lat' dir='ltr'>without</span> 
     </span>
     <span class='ocr_line' id='line_1_34' title="bbox 149 4438 1300 4662; baseline -0.004 -27"><span class='ocrx_word' id='word_1_226' title='bbox 149 4441 598 4662; x_wconf 49' lang='lat' dir='ltr'>conTllaerllligrinapiailalliiti</span> <span class='ocrx_word' id='word_1_227' title='bbox 615 4438 834 4633; x_wconf 57' lang='lat' dir='ltr'>liiiiodeth</span> <span class='ocrx_word' id='word_1_228' title='bbox 854 4551 916 4632; x_wconf 90' lang='lat' dir='ltr'>his</span> <span class='ocrx_word' id='word_1_229' title='bbox 932 4552 1099 4631; x_wconf 87' lang='lat' dir='ltr'>Pofitive</span> <span class='ocrx_word' id='word_1_230' title='bbox 1121 4552 1160 4630; x_wconf 91' lang='lat' dir='ltr'>in</span> <span class='ocrx_word' id='word_1_231' title='bbox 1182 4552 1300 4658; x_wconf 87' lang='lat' dir='ltr'>figni-</span> 
     </span>
    </p>
   </div>
   <div class='ocr_carea' id='block_1_10' title="bbox 152 4662 1298 4775">
    <p class='ocr_par' dir='ltr' id='par_1_18' title="bbox 152 4662 1298 4775">
     <span class='ocr_line' id='line_1_35' title="bbox 152 4662 1298 4775; baseline -0.003 -29"><span class='ocrx_word' id='word_1_232' title='bbox 152 4667 325 4760; x_wconf 88' lang='lat' dir='ltr'>fication,</span> <span class='ocrx_word' id='word_1_233' title='bbox 344 4665 544 4775; x_wconf 88' lang='lat' dir='ltr'>compat’d</span> <span class='ocrx_word' id='word_1_234' title='bbox 560 4663 660 4744; x_wconf 92' lang='lat' dir='ltr'>with</span> <span class='ocrx_word' id='word_1_235' title='bbox 680 4666 763 4745; x_wconf 91' lang='lat' dir='ltr'>som</span> <span class='ocrx_word' id='word_1_236' title='bbox 783 4662 910 4757; x_wconf 86' lang='lat' dir='ltr'>other,</span> <span class='ocrx_word' id='word_1_237' title='bbox 927 4692 968 4743; x_wconf 82' lang='lat' dir='ltr'>as</span> <span class='ocrx_word' id='word_1_238' title='bbox 986 4663 1117 4743; x_wconf 86' lang='lat' dir='ltr'>durior</span> <span class='ocrx_word' id='word_1_239' title='bbox 1135 4662 1298 4756; x_wconf 89' lang='lat' dir='ltr'>harder;</span> 
     </span>
    </p>
   </div>
   <div class='ocr_carea' id='block_1_11' title="bbox 151 4773 1301 4860">
    <p class='ocr_par' dir='ltr' id='par_1_19' title="bbox 151 4773 1301 4860">
     <span class='ocr_line' id='line_1_36' title="bbox 151 4773 1301 4860; baseline -0.003 -1"><span class='ocrx_word' id='word_1_240' title='bbox 151 4779 227 4859; x_wconf 87' lang='lat' dir='ltr'>and</span> <span class='ocrx_word' id='word_1_241' title='bbox 257 4777 461 4860; x_wconf 87' lang='lat' dir='ltr'>is·forrn’d</span> <span class='ocrx_word' id='word_1_242' title='bbox 480 4774 530 4857; x_wconf 93' lang='lat' dir='ltr'>of</span> <span class='ocrx_word' id='word_1_243' title='bbox 551 4775 618 4857; x_wconf 88' lang='lat' dir='ltr'>the</span> <span class='ocrx_word' id='word_1_244' title='bbox 646 4777 726 4859; x_wconf 91' lang='lat' dir='ltr'>first</span> <span class='ocrx_word' id='word_1_245' title='bbox 746 4776 843 4856; x_wconf 87' lang='lat' dir='ltr'>Case</span> <span class='ocrx_word' id='word_1_246' title='bbox 869 4773 919 4856; x_wconf 89' lang='lat' dir='ltr'>of</span> <span class='ocrx_word' id='word_1_247' title='bbox 940 4773 1001 4856; x_wconf 87' lang='lat' dir='ltr'>his</span> <span class='ocrx_word' id='word_1_248' title='bbox 1023 4776 1190 4856; x_wconf 88' lang='lat' dir='ltr'>Pofitive</span> <span class='ocrx_word' id='word_1_249' title='bbox 1216 4775 1301 4858; x_wconf 91' lang='lat' dir='ltr'>that</span> 
     </span>
    </p>
   </div>
  </div>
 </body>
</html>
