2888 5204
465 576 691 678 Defensro
717 580 945 677 Secunda.
1198 618 1275 700 323

128 749 224 843 lare,
243 753 468 860 praevidere,
488 755 645 836 nullum
670 756 844 836 laborem
871 755 1060 849 recusare,
1080 753 1187 833 nulla
1206 780 1276 834 vo-

128 861 331 970 luptatum
341 863 609 948 blandimenta
622 895 700 948 non
716 868 908 977 spernere,
921 869 1147 948 divitiarum
1158 885 1275 974 atque

126 976 314 1082 potentiae
339 978 639 1060 ostentationem
663 978 815 1089 fugere,
839 979 922 1060 haec
944 979 1031 1060 sunt
1053 979 1120 1059 illa
1142 981 1274 1069 ardua,

125 1114 208 1196 prae
225 1086 370 1195 quibus
389 1090 547 1195 bellum¹
559 1093 674 1172 ludus
690 1093 769 1184 est;
796 1090 877 1172 haec
898 1111 936 1172 te
954 1091 1197 1172 ventilabunt
1215 1108 1277 1169 at·

125 1227 208 1307 que
240 1202 457 1296 excutient,
487 1203 568 1283 haec
606 1207 738 1284 virum
769 1203 933 1314 poscunt
966 1205 1100 1284 divino
1127 1201 1275 1282 fultum

124 1312 293 1404 auxilio,
312 1314 447 1394 divino
466 1315 567 1426 pene
587 1317 785 1427 colloquio
806 1318 1004 1396 monitum
1024 1335 1141 1423 atque
1155 1316 1275 1394 edoc-

124 1442 230 1504 tum.
263 1429 365 1536 Qae
385 1447 442 1521 tu,
463 1448 504 1507 et
522 1431 649 1537 plura,
665 1428 928 1538 saepenumero
942 1430 1040 1537 quin
1060 1446 1194 1507 tecum
1213 1454 1274 1505 re-

124 1553 241 1644 putes
260 1557 378 1645 atque
394 1541 528 1620 animo
543 1542 731 1636 revolvas,
746 1569 824 1620 non
841 1540 1005 1620 dubito:
1029 1540 1087 1619 uti
1106 1556 1146 1618 et
1159 1538 1272 1631 illud,

125 1648 274 1755 quibus
294 1649 539 1759 potislimbm
559 1681 678 1761 queas
692 1654 820 1733 modis
832 1673 872 1733 et
883 1652 950 1733 illa
967 1651 1143 1732 maxima
1155 1648 1274 1758 perfi-

124 1786 229 1855 oere,
249 1781 289 1841 et
300 1760 521 1845 libertatem
535 1764 678 1845 salvam
691 1766 803 1846 nobis
815 1766 976 1845 reddere
987 1782 1027 1843 et
1042 1762 1270 1843 austiorem.

172 1872 252 1952 uod
271 1902 363 1953 meo
381 1878 545 1982 quidem
558 1876 726 1982 judicio,
745 1876 851 1956 haud
870 1878 945 1957 alia
964 1876 1113 1956 ratione
1131 1870 1273 1954 redtiits

124 2011 145 2063 e
178 1983 491 2094 eceris,1quamfi
508 1986 686 2097 prirnbm
700 2017 800 2097 quos
816 1990 995 2070 laborum
1007 2005 1124 2097 atque
1138 1986 1273 2066 discri-

124 2097 284 2178 minum
308 2102 473 2181 comites
485 2101 670 2194 habuisti,
681 2101 853 2195 eosdem,
865 2102 971 2210 quod
992 2098 1102 2194 facis,
1118 2099 1274 2179 confili-

124 2236 243 2289 orum
274 2209 395 2292 socios
425 2240 520 2294 cum
548 2214 687 2323 primis
712 2212 951 2307 adhibueris,
981 2213 1085 2293 viros
1116 2209 1204 2290 sane
1232 2229 1273 2291 et

124 2321 441 2418 modestiffimos,
453 2346 494 2405 et
506 2325 781 2433 integerrimos
792 2344 832 2405 et
843 2324 1084 2417 sortiffimos;
1101 2350 1200 2431 quos
1213 2340 1272 2403 tot

124 2453 271 2514 mortes
289 2435 517 2544 conspestae,
538 2456 597 2517 tot
616 2438 757 2545 strages
777 2455 866 2517 ante
886 2465 953 2517 ora
972 2436 1098 2526 editae,
1122 2462 1201 2514 non
1221 2433 1270 2514 ad

124 2540 412 2642 crudelitatem,
424 2568 492 2628 aut
508 2550 853 2644 duriciem‘animi,
866 2547 931 2629 sed
945 2549 994 2628 ad
1006 2545 1216 2653 justitiam,
1231 2564 1272 2625 et

124 2659 299 2738 numinis
310 2663 583 2755 reverentiam,
598 2681 638 2741 et
652 2659 834 2742 humana
845 2660 955 2742 sortis
966 2658 1270 2750 miserationem,

124 2769 172 2849 ad
193 2768 418 2852 libertatem
436 2773 605 2880 denique
624 2771 673 2853 eb
697 2775 824 2853 acrius
846 2772 1091 2853 retinendam
1114 2770 1271 2849 erudie-

124 2899 230 2977 runt,
249 2881 332 2991 qud
351 2885 594 2991 gravioribus
614 2885 696 2992 ejus
715 2884 840 2978 causa,
861 2885 1045 2994 periculis
1064 2882 1135 2991 ipfi
1155 2881 1270 2962 suum

124 3012 242 3103 eaput
255 2994 433 3100 objecere
448 3027 459 3076 ε
482 2997 580 3077 Non
595 2997 654 3077 illi
668 2998 831 3105 quidem
843 3023 893 3076 ex
905 2996 1128 3078 colluvione
1142 2995 1268 3103 vulgi,

124 3125 189 3186 aut
200 3107 455 3202 advenarum,
469 3137 547 3188 non
560 3109 671 3189 turba
681 3109 905 3203 collestitia,
919 3108 982 3189 sed
995 3107 1169 3187 melioris
1182 3108 1270 3216 ple-

124 3218 235 3327 rIque
251 3237 351 3299 notae
361 3221 481 3315 cives,
494 3248 637 3328 genere
653 3221 715 3300 vel
727 3221 867 3315 nobili,
878 3222 940 3301 vel
952 3248 1031 3300 non
1046 3216 1267 3312 inhonesto,

124 3326 291 3411 fortunis
316 3333 379 3411 vel
410 3333 567 3442 amplis,
591 3333 655 3412 vel
683 3333 969 3426 mediocribus;
1002 3329 1155 3440 quidsi
1189 3329 1270 3439 ipsa

124 3462 351 3552 paupertate
369 3444 493 3552 aliqui
512 3446 892 3526 commendatiores?
924 3471 1023 3553 quos
1042 3469 1122 3522 non
1141 3442 1269 3549 praeda

124 3557 367 3650 convocavit,
391 3556 455 3636 sed
480 3557 715 3636 difficillima
743 3577 935 3666 tempora,
957 3555 1072 3635 rebus
1093 3549 1268 3632 maxime

124 3664 267 3761 dubiis,
295 3666 391 3778 saepe
411 3669 590 3763 adverfis,
610 3668 659 3749 ad
678 3670 919 3749 liberandam
939 3665 1141 3777 tyrannide
1161 3693 1267 3745 rem·

124 3777 233 3888 publ.
246 3780 489 3876 excitarunt3
511 3809 589 3861 non
604 3782 647 3860 in
658 3799 744 3861 tuto
755 3801 823 3862 aut
834 3781 942 3861 curia
956 3779 1151 3859 sermones
1166 3778 1268 3857 inter

124 3888 157 3971 se
172 3910 291 4000 atque
310 3891 514 3973 sententias
526 3889 696 3987 tantiam,
714 3893 777 3973 sed
790 3920 928 3973 manus
941 3919 1035 3973 curn
1047 3889 1157 3977 hoste
1169 3917 1266 3971 con-

124 4000 242 4083 strere
257 4023 425 4113 paratos.
457 4003 580 4111 Qrbd
598 4005 670 4085 nifi
686 4004 769 4115 spes
785 4005 937 4115 semper
950 4003 1136 4097 infinitas,
1147 4021 1266 4111 atque

124 4115 253 4195 inanes
283 4115 575 4227 persequemur,
605 4118 646 4195 in
676 4118 819 4224 quibus
850 4117 1008 4196 tandem
1036 4116 1266 4195 mortalium

124 4226 195 4308 bsti
209 4245 279 4308 aut
296 4227 443 4309 confidi
462 4229 576 4337 poffit
596 4255 673 4308 non
694 4229 823 4324 video,
844 4228 872 4308 [ι
892 4226 953 4308 his
971 4227 1197 4334 horumque
1216 4227 1265 4306 si-

124 4338 280 4421 nilibus
312 4339 408 4421 fides
441 4367 520 4420 non
552 4338 772 4420 habebitur.
833 4342 1035 4450 Qorum
1051 4338 1264 4432 fidelitatis,

124 4451 374 4533 :ertiffimum
393 4453 552 4563 pignus,
579 4471 620 4531 et
638 4452 905 4533 indubitatum
928 4450 1135 4543 habemur,
1158 4448 1266 4558 qubd

124 4592 190 4674 pro
200 4563 405 4674 republica
417 4564 480 4643 vel
494 4584 666 4644 mortem
681 4584 883 4674 oppetere,
900 4564 928 4644 fi
946 4567 1000 4644 ita
1015 4567 1093 4644 sors
1106 4560 1264 4656 tulisset,

124 4704 196 4758 ron
216 4676 451 4770 recusarint;
482 4677 653 4786 pietatis,
673 4677 780 4786 quod
802 4676 1013 4786 implorato
1038 4673 1266 4784 suppliciter

124 4789 198 4873 )ei
215 4788 381 4885 auxilio,
402 4787 594 4897 totiesque
614 4787 663 4868 ab
683 4818 730 4869 eo
758 4790 958 4898 insigniter
980 4787 1116 4895 adjuti,
1143 4781 1265 4893 iquo
