2888 5204
142 167 221 247 344
387 125 611 238 Authoris
637 163 722 260 pro
746 124 791 222 se
817 119 1045 221 Defensio

140 304 195 382 est
214 332 440 413 quenquam
459 302 532 383 effe
553 303 688 383 ausum
710 303 910 384 mittendae
929 302 978 393 ad
1000 303 1166 410 Regem
1183 296 1282 410 Epis·

142 417 229 496 tolae
243 443 339 496 cum
353 415 532 496 dedicato
551 414 654 495 libro
669 413 833 508 exeusae,
845 415 1026 495 alienum
1043 438 1196 495 nomeu
1212 407 1282 521 ipso

140 526 359 609 inconsulto
378 526 628 607 subscribere.
676 526 916 636 Complures
934 524 1084 607 deinde
1104 524 1208 616 sunt,
1224 520 1286 631 qui

141 666 192 717 ex
212 657 250 718 te
271 637 352 748 ipso
372 638 595 732 audierunt,
613 636 708 720 clun
728 656 838 719 tuam
858 637 932 717 effe
950 637 1067 718 illam
1089 632 1288 746 epistulam

140 750 203 830 vel
218 749 545 859 interrogantibus
561 748 741 844 faterere,
755 751 818 831 vel
834 747 939 830 ultrb
953 750 1039 859 ipse
1054 748 1289 859 pmdioeres

143 859 297 942 Verbm
318 881 384 942 tua
398 860 520 941 nscne
533 860 668 957 fuerit,
683 890 761 941 non
774 862 992 943 admodum
1007 861 1174 957 labor03
1203 853 1289 939 time

143 973 244 1055 solus
264 1002 312 1054 an
332 1003 415 1054 cum
434 1003 503 1054 uno
529 992 598 1053 aut
616 974 734 1054 altero
756 1001 846 1053 eam
864 973 1140 1083 composueris
1152 1003 1174 1067 3-
1192 966 1289 1079 quud

142 1082 264 1166 ethic
282 1113 372 1194 pag.
389 1111 459 1189 41.
481 1085 724 1173 subindicare
740 1084 980 1167 ludibundus
993 1083 1127 1195 prope
1142 1082 1290 1164 videris

143 1198 206 1276 Te
230 1197 338 1278 istius
364 1225 439 1304 ego
465 1225 542 1277 non
566 1198 751 1306 Epistolae
776 1197 981 1291 duntaxat,
1009 1196 1077 1277 sed
1102 1214 1147 1277 et
1175 1192 1289 1276 libelli

145 1308 388 1389 infamiffimi
412 1309 538 1388 solum
565 1309 689 1419 prope
713 1307 929 1402 conscium,
949 1326 988 1389 te
1014 1306 1198 1415 ejusdem
1214 1304 1289 1384 edi·

144 1440 271 1500 torem
290 1440 359 1500 aut
376 1421 517 1500 edendi
537 1421 825 1513 administrum,
843 1439 881 1500 te
900 1420 1090 1531 Epistulae
1108 1420 1161 1500 ad
1176 1420 1290 1498 Caro-

144 1531 230 1611 lum
249 1532 560 1640 aliquammultis
575 1533 867 1642 exemplaribus
879 1532 1093 1640 divulgatae
1107 1529 1289 1638 subscrip-

144 1661 272 1722 torem
293 1644 536 1723 notiffimum
557 1664 595 1724 te
615 1644 843 1753 scriptorem
863 1645 983 1727 etiam
1001 1640 1243 1734 confessum,
1258 1660 1292 1719 te

143 1753 239 1861 ergo
258 1754 440 1833 omniurn
460 1754 597 1863 legum
621 1754 804 1836 consensu
823 1775 941 1865 atque
963 1755 1160 1836 sententis
1180 1753 1291 1835 totius

143 1867 272 1973 operis
292 1863 500 1947 authorem
514 1867 643 1976 ipsum
659 1888 728 1949 tuo
743 1896 810 1948 ore
825 1869 1052 1949 convictum
1065 1886 1190 1977 atque
1204 1890 1293 1946 con·

144 1977 322 2058 stridtum
342 1998 469 2058 teneo.
528 1980 629 2059 Haec
645 2008 725 2088 quo
738 1980 869 2060 dicam
889 1978 1116 2060 testimonio
1136 1998 1221 2060 tam
1238 2003 1294 2057 re-

145 2108 292 2185 motus,
312 2112 352 2170 et
372 2091 474 2170 unde
494 2090 595 2169 mihi
617 2110 697 2171 tarn
718 2091 870 2199 liquido
887 2091 1062 2172 constare
1082 2091 1294 2200 potuerint,

146 2201 345 2308 srquaeris,
366 2230 445 2281 non
465 2200 586 2296 famfi,
607 2203 786 2313 inquam,
805 2202 897 2295 sold,
920 2203 985 2283 sed
1011 2205 1166 2312 partim
1194 2200 1295 2283 testi·

145 2311 217 2392 bus
249 2314 538 2421 religiosrffimis
565 2316 635 2422 qui
664 2312 796 2396 coriam
821 2312 903 2395 haec
929 2313 1032 2395 mihi
1064 2309 1293 2395 ssnfflffime

144 2424 414 2518 asseverarunt,
445 2426 590 2535 partim
622 2426 742 2506 literis
765 2426 828 2506 vel
860 2427 908 2506 ad
936 2427 1030 2506 alios
1060 2426 1124 2505 vel
1157 2426 1209 2507 ad
1234 2450 1293 2505 me

145 2535 309 2644 scriptis.
370 2538 592 2617 Literarum
612 2539 730 2617 verba
756 2537 836 2647 ipsa
856 2564 1105 2647 expromam,
1126 2536 1293 2618 scriben-

148 2646 249 2726 tium
273 2649 435 2727 nomina
462 2677 539 2728 non
567 2649 708 2744 edam3
740 2670 946 2760 propterea
976 2648 1085 2759 qubd
1113 2650 1158 2729 in
1187 2650 1294 2729 rebus

146 2760 294 2866 alioqui
314 2761 518 2840 notiffimis
538 2761 684 2840 necesse
701 2789 778 2841 non
794 2762 934 2842 habeo.
994 2761 1107 2840 Hem
1125 2761 1202 2840 tibi
1221 2762 1293 2840 im-

145 2872 282 2979 primis
302 2869 351 2948 ab
371 2869 532 2951 homine
552 2872 690 2981 probo,
708 2891 747 2951 et
766 2876 831 2953 cui
846 2874 895 2953 ad
914 2871 1015 2952 hanc
1034 2900 1121 2952 rem
1142 2870 1293 2982 perves-

147 2983 346 3091 tigandam
368 2982 472 3062 haud
493 2985 701 3065 mediocris
723 2982 884 3066 facultas
910 2983 1002 3078 suit,
1029 2984 1163 3066 literas
1184 2983 1295 3092 Hags

150 3096 320 3175 Comitis
341 3096 388 3175 ad
409 3123 471 3174 me
492 3097 611 3176 datas.

496 3275 559 3350 Ex
579 3272 699 3353 literis
719 3275 826 3382 Hag.
851 3275 951 3354 Com.

204 3434 571 3543 Exploratiffimum
591 3430 693 3512 mihi
712 3434 782 3529 est,
804 3435 971 3513 Morum
987 3432 1117 3541 ipsum
1135 3432 1294 3513 Clamo-

148 3548 198 3623 ris
226 3547 344 3651 Regii
368 3543 562 3652 sanguinis
589 3545 793 3653 exemplar
818 3545 1016 3625 nonnullis
1041 3544 1129 3626 aliis
1156 3545 1292 3656 impri-

147 3656 338 3735 mendum
372 3656 566 3749 obtulisse,
601 3676 812 3765 antequam
844 3657 1016 3737 Ulaccus
1050 3656 1152 3735 illud
1186 3685 1292 3739 acce·

71 3813 74 3820 ,
145 3766 280 3876 pisset;
312 3767 439 3874 ipsum
455 3769 694 3874 corrigendis
709 3796 919 3877 operarum
934 3769 1067 3848 erratis
1081 3767 1290 3876 praefuiffe3

147 3879 196 3959 ab
217 3877 298 3986 ipso
313 3874 571 3987 exemplaria,
592 3898 637 3959 ut
661 3877 840 3989 primum
866 3881 1052 3989 quodque
1074 3879 1292 3962 absolutum

148 3992 219 4083 est,
236 3990 505 4098 compluribus
527 3991 723 4100 impertita
744 4020 788 4071 ac
807 3992 997 4100 diffrpata.

206 4104 348 4181 Viden'
369 4120 412 4182 ut
425 4100 506 4181 haec
521 4102 692 4182 dilucida
713 4123 830 4211 atque
850 4104 1031 4184 distincta
1049 4102 1137 4198 fint,
1158 4120 1204 4183 ut
1222 4128 1292 4183 non

148 4215 278 4296 dubiis
298 4214 520 4294 rumoribus
539 4214 716 4309 collecta,
737 4215 801 4294 sed
821 4216 908 4296 dats
926 4215 1047 4323 operfi
1065 4243 1111 4295 ac
1130 4215 1293 4323 diligen-

151 4329 203 4406 tis
236 4325 406 4406 hominis
438 4329 483 4406 iis
515 4328 555 4405 in
589 4328 684 4406 locis
715 4355 760 4406 ac
788 4328 901 4407 rebus
928 4326 1185 4420 versatiffimi,
1213 4352 1295 4436 per-
