2888 5204
150 204 171 256 2
180 203 232 284 34
432 166 627 298 Joannis
654 160 859 295 Philippi
885 160 1032 293 Angli

141 357 247 449 pent.
308 337 429 421 Tanto
443 341 611 450 strepitu
635 358 679 420 ut
698 359 838 420 catera
859 335 1029 419 Theatra
1048 355 1122 447 pro
1144 353 1268 446 ternpore

132 453 265 558 filant.
325 456 413 534 Non
432 454 521 562 quin
534 450 648 532 indus
657 470 873 561 precamur.
932 453 1018 531 Nec
1034 450 1161 530 mutas
1176 477 1271 529 eorum

149 565 386 670 Corfilium
368 582 653 674 interpretarer
713 564 889 644 Carolum
913 563 1053 643 Filium
1077 591 1180 643 reum
1204 591 1276 643 cao·

132 676 251 783 satis.
311 678 440 785 Digni
467 675 645 786 profectis
672 677 794 786 Regii
825 697 908 756 tam
938 675 1095 784 stupido
1125 701 1279 785 propug-

148 806 297 883 natore,
313 793 398 899 qui,
418 787 513 869 clun
538 789 692 869 causam
716 787 991 896 nequissimam
1010 785 1215 897 susceperis
1231 805 1280 865 tu·

146 902 291 981 endam
311 922 350 981 et
367 903 497 981 literas
517 900 718 1011 professus,
740 920 821 980 tarn
838 901 1043 980 illiteratus
1063 899 1126 993 fis,
1145 899 1193 979 ab
1210 897 1283 1008 ipsu

148 1013 357 1094 clientibus
372 1016 448 1094 tuis
461 1042 560 1123 quos
579 1033 638 1093 tur
627 1013 809 1121 ',pudeat
824 1013 871 1092 ad
890 1013 957 1092 illa
968 1012 1173 1120 gurgustia
1187 1029 1225 1089 et
1237 1028 1284 1090 te·

148 1124 299 1221 nebras,
312 1125 458 1205 unde
429 1146 510 1206 tam
526 1123 662 1206 stolide
674 1125 860 1205 emerfisti
876 1152 970 1204 cum
990 1123 1102 1204 fibilo
1115 1142 1158 1204 et
1170 1121 1284 1231 flagri·

149 1238 393 1318 reducendus
421 1267 484 1334 es;
515 1257 583 1318 aut
612 1236 717 1317 certe
739 1237 927 1316 Carnifici
957 1234 1091 1346 potius
1117 1237 1160 1315 in
1185 1233 1286 1315 disci·

149 1351 300 1458 plinam
312 1352 438 1431 crucis
451 1302 673 1443 tiadendus,
687 1368 731 1429 ut
743 1378 837 1429 cum
856 1347 956 1429 nihil
971 1348 1081 1429 aliud
1099 1350 1284 1457 percipere

148 1463 280 1571 pollis,
300 1462 494 1542 elementa
517 1462 637 1542 discas
665 1461 911 1571 patibularia,
931 1458 1167 1588 Qicquids
1156 1459 1286 1570 inquis,

145 1602 324 1654 erravero
336 1574 375 1654 in
389 1576 459 1654 hac
474 1575 579 1683 Apol
575 1575 658 1681 ogia
672 1604 761 1655 rneae
775 1575 953 1654 tenuitati
948 1569 1282 1682 i'mputaudunrest

149 1687 212 1765 lta
224 1686 377 1794 prorsus
390 1687 596 1767 existimo:
627 1705 668 1766 at
684 1684 872 1815 peffime
861 1686 1021 1765 interim
1033 1712 1128 1766 meo
1138 1683 1283 1792 quidun

141 1797 294 1928 judicio
310 1798 504 1878 consuluit
518 1798 589 1878 tibi
603 1800 769 1880 tenuitas
790 1818 871 1891 tua,
885 1826 972 1907 quae
989 1817 1026 1876 te
1045 1797 1220 1908 impulit,
1234 1813 1282 1889 ut,

147 1912 213 1990 cui
239 1938 309 2020 par
331 1939 410 1990 non
429 1939 527 2003 eras,
551 1910 662 1990 oneri
688 1909 891 1990 succedere
918 1910 1094 2004 auderes,
1124 1909 1193 1990 sub
1214 1935 1282 2017 quo

148 2024 426 2130 praetumidum
447 2042 487 2102 et
509 2023 689 2102 inflatum
716 2022 764 2101 ed
788 2019 942 2103 facilius
960 2023 1185 2103 comminui
1203 2040 1237 2101 te
1251 2037 1283 2098 et

51 2206 55 2210 .
148 2132 278 2243 frangi
299 2135 445 2215 neceffe
470 2155 565 2216 erat.
624 2137 713 2243 Ego
737 2134 843 2216 certe
863 2153 1022 2215 tenuem
1044 2153 1083 2215 te
1101 2135 1225 2242 magis
1243 2158 1282 2212 ιι

150 2246 315 2327 crassum
334 2248 505 2326 dixerim
518 2247 685 2327 vixdum
703 2247 822 2341 scio,
811 2266 865 2327 rta
880 2274 990 2326 omm
980 2245 1124 2358 plane
1143 2248 1281 2327 dimen-

149 2357 252 2438 sione
272 2378 312 2438 et
326 2357 455 2440 forma
472 2361 578 2440 rudis
599 2360 867 2489 indigestaque
887 2359 1030 2454 moles,
1043 2387 1182 2439 vacare
1197 2354 1282 2438 mihi

149 2470 306 2549 videris.
365 2473 459 2575 Jam
483 2493 521 2552 te
546 2473 679 2565 aulici,
700 2500 770 2579 qur
758 2473 905 2580 Regis
922 2500 1015 2552 auro
1033 2466 1282 2579 vescamini

148 2578 256 2690 priirs
277 2581 534 2689 neglexerint,
552 2585 658 2692 quod
679 2583 817 2664 miseri:
837 2587 1026 2692 quereris,
1046 2602 1087 2663 ct
1105 2581 1209 2663 fame
1227 2608 1284 2717 pe·

148 2695 224 2772 rire
244 2693 380 2788 finant,
404 2695 490 2804 post
515 2696 670 2776 causam
692 2725 831 2776 eorum
852 2695 932 2777 tam
952 2694 1056 2774 male
1076 2714 1116 2774 et
1136 2691 1284 2775 ridiculi

148 2805 214 2885 abs
229 2825 265 2885 te
278 2806 475 2888 defensam
490 2808 618 2889 multi)
626 2806 766 2914 justius
780 2810 947 2900 oderint,
960 2826 1077 2915 atque
1092 2827 1286 2915 contemp-

149 2918 289 3013 serint;
321 2918 390 2998 nisi
419 2918 520 3000 sorte
552 2919 777 3028 periscelide
808 2921 876 3001 illa
906 2920 1027 3029 regia,
1051 2948 1175 3028 quam
1202 2919 1287 2999 tanti

148 3030 258 3123 facis,
279 3030 411 3112 fauces
438 3051 522 3112 tuas
542 3033 591 3112 de
620 3061 710 3139 rege
736 3054 817 3112 tam
840 3035 1020 3141 nequiter
1044 3034 1203 3112 meritas
1226 3032 1289 3110 eli·
1324 3128 1326 3139 Ι

150 3143 294 3223 dendas
314 3142 444 3255 potius
464 3173 586 3253 quarn
601 3146 687 3224 offis
702 3145 852 3238 aulicis,
869 3172 965 3252 quas
984 3144 1118 3238 esuris,
1133 3143 1289 3224 sarcien-

147 3258 213 3335 das
221 3275 402 3386 &putant
454 3259 547 3362 Jam
575 3257 785 3387 prasertim
812 3286 906 3337 cum
933 3285 955 3336 a
981 3258 1084 3363 regis
1111 3257 1224 3337 laude
1248 3255 1289 3336 ad

148 3369 250 3474 regis
266 3387 306 3446 et
322 3371 522 3475 regiorum
541 3396 701 3478 gravem
717 3371 1045 3479 vituperationem
1066 3368 1243 3461 transeas,
1257 3385 1292 3446 et

149 3480 261 3558 nobis
282 3508 331 3558 ex
351 3480 564 3561 adversario
579 3482 881 3590 percommodus
897 3501 1056 3590 repente
1072 3478 1198 3562 homo
1217 3479 1293 3559 fac-

148 3609 209 3670 tus
223 3591 292 3684 fis;
325 3593 428 3672 testis
443 3594 549 3673 enim
568 3594 647 3702 ipse
661 3622 784 3674 novus
797 3595 963 3686 accedis,
977 3621 1113 3701 regem
1129 3593 1199 3674 suo
1211 3594 1295 3673 offi-

146 3704 210 3782 cio
229 3653 326 3781 vel
316 3733 509 3812 1mparem
537 3705 663 3800 fuisse,
683 3708 745 3785 vel
772 3706 937 3785 minime
957 3707 1171 3798 intentum,
1192 3706 1294 3814 quod

139 3814 333 3924 petitiones
348 3819 539 3897 nimirum
551 3818 797 3898 subditorum
812 3818 898 3899 rari)
915 3818 1073 3925 legeret.
1114 3818 1228 3926 Quod
1236 3849 1297 3899 ne·

146 3956 202 4006 mo
218 3927 327 4034 aristas
347 3929 429 4038 tffet
451 3929 494 4010 de
517 3930 771 4039 proditoribus
793 3932 912 4039 queri,
933 3929 1169 4039 proditorum
1186 3949 1297 4024 meto,

147 4039 291 4147 quibus
311 4042 485 4122 maxime
505 4042 768 4123 auscultabat:
798 4042 905 4151 qudd
924 4043 1154 4123 Camerariis
1172 4062 1211 4123 et
1224 4044 1302 4151 fa-

146 4152 254 4231 mulis
272 4155 406 4233 omnia
425 4155 614 4248 crederet,
635 4157 718 4235 otio
739 4155 818 4264 ipse
834 4155 1001 4235 deditus.
1062 4156 1185 4235 Unde
1205 4156 1300 4236 libet

146 4265 323 4373 prosesld
344 4267 562 4346 exclamare
583 4295 675 4347 curn
696 4268 766 4348 illo
786 4268 872 4348 sene
894 4269 933 4346 in
954 4265 1100 4360 fabula,
