2888 5204
422 525 664 630 Defensm.
703 534 823 664 Cap.
853 564 899 655 7.
1014 530 1017 537 ’
1162 570 1239 656 127

110 699 280 785 Consules
300 720 343 784 et
362 704 619 814 Magistratus
638 731 775 786 omnes
791 704 1064 814 obtemperare
1082 705 1243 787 Senatui

110 810 243 926 bmper
262 815 452 911 debuisse,
471 818 625 926 quoties
644 817 686 896 id
706 814 728 896 ὲ
746 816 885 925 repub.
907 816 997 910 esse,
1018 816 1192 926 patribus
1204 836 1245 898 et

110 925 195 1007 >lehi
214 927 346 1008 visum
365 927 434 1008 est.
494 928 641 1009 Illustri
659 928 846 1038 exemplo
862 927 936 1008 elle
952 948 1139 1037 poterunt
1155 931 1243 1009 De-

110 1039 278 1134 emviri;
309 1039 381 1147 qui
391 1035 486 1119 citm
499 1040 687 1151 potestate
702 1039 907 1134 consulari,
920 1059 960 1119 et
975 1039 1128 1120 summa
1141 1069 1242 1150 prae-

110 1148 159 1231 liti
178 1149 317 1245 essent,
338 1178 404 1230 eos
424 1170 555 1231 tamen
575 1179 712 1233 omnes
732 1151 861 1245 simul,
878 1151 998 1232 etiam
1016 1152 1242 1248 renitentes,

110 1281 252 1341 >atrum
266 1259 484 1344 authoritas
496 1264 537 1343 in
550 1264 732 1343 ordinem
743 1265 890 1370 coligin
923 1262 1113 1344 Consules
1125 1265 1246 1345 etiarn

110 1373 315 1467 tonnullos,
328 1392 539 1484 antequam
550 1373 823 1482 magistratum
836 1374 1106 1484 deposuerant,
1115 1372 1244 1458 hostes

110 1485 282 1567 rdicatos
310 1505 351 1565 et
378 1506 513 1567 contra
540 1515 606 1568 eos
635 1485 791 1595 sumpta
819 1514 928 1566 arma
950 1486 1023 1567 elle
1048 1488 1242 1595 legimus:

110 1595 245 1677 ostilia
264 1598 373 1678 enim
386 1595 611 1692 facientem,
624 1597 698 1678 effe
713 1596 914 1677 consulem
930 1625 1048 1677 nemo
1064 1598 1240 1708 putabat.

112 1706 305 1788 ibellum
327 1727 463 1790 contra
486 1710 711 1790 Antonium
741 1707 955 1788 Consulem
982 1711 1145 1790 Senatus
1172 1739 1243 1790 au·

110 1814 278 1900 boritate
293 1821 349 1901 est
365 1821 521 1928 gestum
538 1850 548 1900 ι
579 1821 620 1900 in
635 1848 717 1928 quo
732 1820 857 1899 vitibus
872 1848 1005 1929 poenas
1018 1822 1156 1930 capitis
1172 1822 1243 1901 de-

110 1929 217 2024 isl‘et,
238 1931 310 2010 nifi
334 1932 574 2012 Octavianus
594 1931 719 2010 Caesar
739 1958 907 2038 regnum
926 1931 1111 2012 affectans
1129 1960 1242 2012 ever-

110 2041 217 2121 endae
226 2043 379 2151 reipub.
391 2043 600 2123 confilium
609 2070 703 2123 cum
713 2071 760 2122 eo
772 2042 926 2122 iniisset.
956 2044 1048 2146 Jam
1058 2043 1242 2152 qubdhoc

110 2153 281 2280 roprium
298 2154 364 2264 effi
382 2155 437 2234 ais
457 2153 669 2261 Majrssatis
693 2153 845 2261 regalis,
866 2171 909 2234 ut
931 2153 1120 2291 imperium
1132 2173 1244 2265 penes

110 2263 319 2369 uucumfit,
339 2264 444 2346 haud
460 2263 592 2347 minbs
611 2265 810 2345 lubricum
828 2265 899 2359 est,
919 2284 995 2345 eta
1015 2284 1052 2346 te
1078 2268 1244 2375 quidem

110 2374 175 2484 pso
202 2376 335 2458 statim
362 2376 579 2457 refellitur:
613 2376 773 2486 Judices
799 2376 908 2455 enirn
934 2376 1179 2458 Hebraeorum
1208 2398 1245 2459 et

110 2486 240 2593 uguli,
259 2505 296 2568 et
314 2506 388 2569 toto
402 2489 497 2569 vita
501 2488 629 2597 spatio
641 2488 830 2597 imperium
844 2486 1081 2580 obtinebant3
1113 2490 1244 2599 Scrip-

110 2627 187 2679 ura
197 2628 336 2709 quoque
345 2630 450 2708 reges
460 2629 516 2680 eos
528 2617 639 2682 vocat
651 2631 665 2692 ,·
695 2618 732 2680 et
744 2598 905 2681 tumenti
929 2599 1102 2709 Synedrio
1114 2630 1246 2709 magno
1279 2646 1285 2652 ·

110 2710 380 2792 udicabantur.
440 2712 501 2791 Ita
519 2710 579 2806 fit,
599 2713 697 2793 dum
716 2710 853 2791 dixisse
874 2713 1008 2792 omnia
1025 2713 1084 2792 vis
1102 2713 1243 2808 videri,

110 2840 135 2902 nt
153 2820 257 2902 nibil
276 2821 356 2904 fere
375 2823 446 2903 nifi
466 2824 681 2933 pugnantia
700 2823 884 2930 loquaris.
939 2829 1085 2960 Qaero
1101 2824 1242 2906 deinde

110 2934 253 3041 rualem
273 2952 316 3014 tu
336 2933 506 3014 sormam
527 2934 731 3041 regiminis
748 2932 822 3016 effe
841 2934 961 3029 dicas,
978 2964 1073 3015 curn
1090 2937 1243 3017 Roma-

110 3073 191 3127 num
210 3046 426 3154 imperium
443 3045 524 3125 duo
544 3045 658 3125 fimul
678 3045 800 3126 tresve
819 3045 1072 3155 imperatores
1091 3043 1242 3129 habue-

110 3175 206 3250 unt;
238 3185 287 3237 an
306 3159 559 3266 imperatores
576 3157 664 3251 tibi,
683 3158 724 3238 id
739 3157 795 3237 est
810 3185 934 3264 reges,
950 3186 998 3237 an
1015 3158 1242 3267 optimates,

110 3295 142 3347 n
161 3270 360 3349 triumviri
375 3269 556 3349 videntur
576 3267 718 3348 fuisse?
774 3269 841 3348 An
856 3268 950 3348 verb
969 3269 1073 3350 dices
1091 3271 1244 3353 Roma-

110 3405 191 3459 tum
200 3381 417 3488 imperium
429 3378 498 3459 sub
511 3379 898 3473 AntoninoetVem,
910 3378 980 3460 sub
992 3383 1244 3464 Diocletiano

110 3508 131 3571 :t
142 3492 411 3587 Maximiano,
424 3489 494 3571 sub
509 3491 767 3577 Constantino
782 3509 822 3570 et
837 3491 1008 3588 Licinio,
1023 3520 1103 3573 non
1116 3522 1243 3574 unum

110 3603 310 3713 mperium
329 3603 469 3683 fuisse?
526 3604 620 3706 Jam
642 3602 714 3682 ista
739 3622 805 3683 tua
815 3602 986 3711 statuum
1009 3605 1089 3684 tria
1104 3632 1244 3711 genera

110 3713 253 3795 uismet
270 3716 388 3825 ipsius
407 3715 570 3821 argutiis
589 3712 874 3823 periclitantur,
894 3713 922 3793 fi
944 3742 1055 3823 reges
1075 3715 1138 3794 isti
1164 3744 1245 3796 non

110 3822 229 3911 itere:
261 3828 289 3907 fi
307 3825 432 3921 sinere,
452 3853 532 3905 non
551 3825 607 3905 est
623 3853 719 3933 ergo
732 3825 938 3936 proprium
954 3827 1113 3936 imperii
1128 3828 1243 3935 regii,

110 3955 140 4018 tt
156 3964 278 4048 penes
299 3939 462 4019 unicum
486 3937 545 4016 fit.
603 3937 734 4031 Alter,
761 3938 906 4045 inquis,
927 3939 1054 4019 horum
1062 3938 1108 4044 st
1129 3938 1246 4021 delin-

110 4067 201 4144 ruat,
215 4050 332 4159 potest
344 4051 446 4131 ulter
459 4047 503 4129 de
520 4077 558 4128 eo
577 4047 722 4155 referre
740 4046 794 4128 ad
801 4049 976 4157 populum
995 4052 1062 4130 vel
1074 4050 1243 4159 adserta·

110 4189 188 4255 um,
209 4179 255 4241 ut
274 4161 469 4269 accusetur
484 4178 522 4241 et
547 4157 814 4241 condemnetur.
865 4159 1013 4242 Annon
1030 4189 1125 4268 ergo
1134 4162 1245 4269 judi-

110 4291 158 4353 ut
174 4271 239 4353 vel
258 4273 430 4383 populus
447 4271 511 4352 vel
531 4273 692 4352 Senatus
711 4271 760 4352 ad
779 4298 878 4379 quos
897 4270 994 4352 alter
1012 4272 1080 4352 ille
1100 4272 1243 4354 refert?

110 4385 137 4463 ti
154 4385 255 4493 quid
274 4385 396 4493 igitur
415 4384 496 4493 ipse
516 4382 654 4463 tribuis
675 4383 763 4477 tibi,
782 4382 934 4491 collega
952 4412 1051 4494 opus
1070 4403 1248 4466 nouerat

110 4496 143 4577 A
152 4496 418 4604 judicandum
435 4495 645 4602 collegam.
704 4495 801 4574 Heu
825 4515 863 4574 te
893 4494 1153 4590 defensorem,
1175 4497 1246 4577 nifi

110 4608 326 4691 urecrabilis
358 4609 490 4718 potius
520 4606 629 4700 esses,
661 4604 777 4716 plane
811 4605 1097 4688 miserandum!
1128 4607 1247 4687 undi-

110 4748 251 4833 tuaque
269 4719 413 4804 ictibus
431 4716 529 4803 adeo
547 4735 833 4829 opportunum,
853 4734 899 4801 ut
916 4717 946 4799 fi
965 4717 1066 4801 forte
1084 4744 1156 4827 per
1181 4718 1248 4798 lu·
