2888 5204
233 602 286 684 86
500 593 592 686 Pro
617 583 803 722 Populo
827 583 1096 720 Anglicano

231 783 341 848 catus
364 765 435 846 est.
495 765 636 861 Fidem,
660 767 731 861 ais,
741 765 901 876 fregiffe
928 795 1004 860 nar,
1028 762 1072 847 de
1093 754 1327 844 authoritate
1348 779 1385 842 et

232 876 417 987 majestate
433 879 532 988 regis
548 877 945 986 corrfiervandasalenni
959 874 1192 958 conventione
1202 872 1392 981 nansemel

234 989 460 1100 interposita.
520 993 700 1101 Expecto
720 1010 758 1071 te
774 987 894 1071 sufibs
914 990 984 1071 ista
1003 989 1052 1069 de
1067 1017 1108 1068 re
1121 982 1238 1082 insti,
1251 987 1386 1066 illicte

234 1101 361 1183 rursus
373 1104 619 1183 conveniam.
653 1102 775 1183 Redis
786 1102 835 1183 ad
846 1119 1004 1211 patrum
1016 1099 1385 1191 commentationes,

235 1214 441 1323 dequibus
456 1212 533 1295 hoc
546 1215 773 1295 summatim
789 1216 923 1324 accipe
938 1246 949 1311 ;
980 1211 1185 1322 Qicquid
1200 1211 1261 1291 illi
1272 1210 1388 1290 dixe·

236 1327 329 1420 rint,
341 1353 469 1434 neque
481 1354 533 1406 ex
544 1328 654 1408 libris
665 1326 794 1422 sacris,
809 1345 877 1407 aut
892 1327 1041 1406 ratione
1053 1324 1184 1433 aliqua
1199 1322 1288 1404 satis
1299 1322 1387 1402 ido-

236 1466 309 1519 nea
321 1438 652 1534 confirmaverint,
668 1439 829 1550 perinde
842 1436 944 1517 mihi
956 1440 1045 1531 erit,
1058 1464 1103 1516 ac
1116 1436 1241 1545 siquis
1253 1432 1387 1515 aliusb

111 1592 115 1601 ·
236 1549 357 1657 vulgo
376 1550 544 1631 dixisset.
595 1552 778 1632 Primum
793 1548 920 1631 adfers
938 1549 1247 1641 Tertullianum,
1264 1546 1386 1656 scrip·

237 1680 364 1742 torem
383 1660 490 1744 haud
509 1662 792 1756 orthodoxum,
817 1661 954 1743 multis
973 1660 1168 1742 erroribus
1188 1677 1385 1752 notatum,

236 1774 322 1855 uts1
338 1793 470 1855 tecum
485 1774 656 1870 sentiret,
668 1804 741 1886 pro
753 1773 878 1853 nihilo
892 1793 1023 1855 tamen
1038 1771 1115 1852 hoc
1129 1770 1235 1852 esset.
1274 1771 1386 1883 Qid

236 1906 370 1966 autem
397 1887 491 1967 ille?
529 1887 689 1968 damnat
717 1887 923 1981 tumultus,
952 1887 1113 1966 damnat
1139 1883 1386 1977 rebelliones,

236 1996 469 2079 damnamus
480 2018 520 2078 et
534 2026 618 2093 nos,
635 2027 762 2106 neque
777 1997 872 2078 hinc
887 1998 1018 2079 statim
1030 1997 1172 2103 dejure
1187 1998 1299 2078 omni
1313 2023 1387 2107 po-

238 2109 441 2218 pulorum,
453 2111 502 2190 de
513 2111 744 2220 privilegiis,
756 2130 796 2191 et
809 2112 970 2190 Senatus
981 2108 1181 2202 consultis,
1196 2109 1245 2188 de
1258 2106 1387 2218 potes-

237 2239 315 2301 tate
340 2223 639 2331 magistratuum
665 2225 848 2303 omnium
871 2242 1100 2303 caeterorum
1128 2238 1389 2332 praeterquam

238 2334 353 2415 unius
377 2335 494 2441 regis,
522 2335 816 2446 praejudicatum
839 2334 912 2414 esse
936 2336 1142 2415 volumus:
1172 2332 1390 2440 loquuntur

238 2445 300 2524 isti
324 2446 374 2525 de
402 2447 654 2528 seditionibus
681 2446 828 2528 temere
847 2445 1038 2542 conflatis,
1058 2465 1099 2527 et
1120 2444 1389 2525 multitudinis

238 2557 398 2652 insania,
430 2586 511 2639 non
541 2560 589 2639 de
623 2559 926 2667 magistratibus,
951 2586 1030 2638 non
1058 2559 1106 2638 de
1135 2559 1293 2650 Senatu,
1321 2575 1390 2635 aut

240 2668 488 2751 Parlamento
505 2672 553 2751 ad
570 2672 747 2780 legitima
762 2699 870 2750 arma
886 2671 1081 2782 populum
1099 2687 1235 2749 contra
1255 2689 1388 2777 tyran-

239 2808 310 2860 nos
328 2802 579 2866 convocante.
641 2785 759 2863 Unde
779 2783 1008 2863 Ambrosius
1027 2810 1149 2891 quem
1167 2783 1278 2875 citas,
1300 2783 1390 2862 Non

238 2910 463 3002 repugnare,
469 2895 584 3004 flere,
600 2923 757 3002 gemere,
771 2896 954 3001 haecfient
970 2895 1192 2975 munimenta
1209 2892 1390 2973 Sacerdo-

238 3005 303 3097 tis,
323 3022 360 3085 et
379 3006 459 3115 qais
473 3008 521 3116 est
538 3008 604 3116 qai
604 3008 720 3116 potest
732 3009 798 3086 uel
812 3037 906 3087 unus
923 3008 989 3087 vel
1000 3008 1099 3087 inter
1110 3025 1252 3117 paucos
1268 3004 1392 3086 dicere

239 3118 475 3225 Imperatori,
496 3121 581 3200 Lex
599 3137 669 3198 tua
686 3120 779 3200 mitri
793 3149 861 3199 non
874 3117 1085 3229 probatur:
1114 3147 1183 3198 nan
1197 3116 1392 3228 permitti·

238 3246 306 3307 tur
324 3228 391 3309 hac
409 3229 529 3311 dicere
542 3230 813 3325 Sacerdotibus,
820 3230 1063 3342 permittetur
1074 3229 1235 3311 Laicis?
1264 3229 1391 3309 Vides

233 3340 318 3444 jam
332 3340 447 3450 plane
462 3343 510 3421 de
525 3343 669 3451 quibus
684 3343 750 3424 hic
766 3344 962 3452 loquatur,
978 3344 1026 3422 de
1040 3340 1328 3435 Sacerdotibus,
1341 3342 1391 3421 de

241 3454 372 3533 La‘r‘cis
383 3455 557 3563 privatis,
573 3483 650 3534 non
666 3455 715 3535 de
731 3455 1050 3563 Magistratibus:
1070 3456 1179 3535 vides
1192 3451 1314 3563 quim
1327 3455 1390 3533 in-

239 3564 353 3646 firmi
366 3585 497 3647 tamen
510 3586 549 3647 et
564 3568 792 3677 praeposterd
807 3569 955 3647 ratione
972 3567 1074 3661 usus,
1087 3566 1307 3646 dissensioni
1327 3567 1391 3645 in-

102 3733 105 3737 ‹
239 3696 297 3759 ter
317 3681 458 3760 La'r‘cos
477 3698 517 3759 et
536 3681 776 3774 Sacerdotes,
796 3680 846 3759 de
871 3678 1024 3787 legibus
1043 3680 1165 3759 etiam
1188 3678 1388 3771 civilibus,

240 3789 495 3898 postmodirm
508 3790 648 3871 suturae
660 3791 788 3871 facem
800 3793 984 3902 praetulit.
1015 3791 1089 3870 Sed
1103 3790 1293 3900 quoniam
1305 3791 1391 3900 pri·

241 3930 400 3982 morum
421 3901 736 3983 Christianorum
751 3903 943 4014 exemplis
956 3905 1087 4011 urgeri
1105 3931 1176 3984 nos
1195 3900 1391 3996 maximi,

240 4034 281 4094 et
295 4014 475 4120 redargui
488 4034 616 4123 putas,
631 4013 739 4123 qubd
752 4016 812 4095 illi
829 4016 1013 4096 omnibus
1029 4016 1157 4097 modis
1168 4016 1301 4094 vexati
1312 4013 1391 4095 bel-

240 4127 315 4206 lum
345 4126 383 4205 in
413 4126 579 4231 Caesares
607 4157 677 4208 non
698 4145 899 4222 moverent,
925 4129 1126 4208 ostendam
1153 4124 1286 4239 primb
1311 4152 1392 4206 non

240 4237 419 4347 potuisse,
443 4238 584 4318 deinde
607 4242 761 4348 quoties
789 4259 969 4350 poterant
992 4241 1167 4333 movisse,
1190 4237 1392 4350 postremi)

239 4350 404 4444 etiamst,
425 4378 519 4429 cum
539 4352 703 4458 possent,
723 4380 802 4431 non
823 4351 1041 4455 movissent,
1062 4380 1141 4433 non
1160 4351 1234 4431 effe
1258 4370 1392 4431 tamen

239 4462 448 4570 caeteroqui
460 4463 599 4571 dignos
614 4492 786 4573 quorum
801 4492 852 4544 ex
862 4467 944 4545 vita
959 4484 999 4544 et
1014 4464 1205 4558 moribus,
1217 4464 1336 4543 tantis
1349 4464 1391 4542 in

239 4576 369 4669 rebus,
383 4574 566 4685 exempla
579 4575 791 4657 sumamus.
839 4578 1019 4657 Primum
1033 4580 1213 4686 ignorare
1228 4572 1308 4655 hoc
1320 4602 1392 4654 ne-

138 4683 140 4688 ’
240 4717 307 4768 mo
323 4687 463 4798 potest,
477 4715 527 4766 ex
540 4715 620 4796 quo
641 4691 823 4770 Romana
837 4688 1055 4800 respublica
1069 4685 1284 4781 nullafuit,
1299 4716 1392 4768 om·

239 4829 306 4881 nes
318 4800 477 4911 imperii
489 4800 589 4882 vires
605 4829 816 4912 rerumque
836 4800 1030 4883 summam
1050 4802 1098 4884 ad
1117 4828 1245 4882 unum
1261 4798 1391 4882 Caesa·
