2888 5204
160 454 174 475 ἱ

406 550 645 657 Defenfio.
685 560 804 690 Cap.
832 593 878 684 9.
1150 570 1220 649 161

69 732 348 841 Ampliffimos
367 735 509 814 exinde
529 761 669 841 regum
683 734 903 813 nostrorum
920 760 1069 813 annuos
1081 733 1227 813 reditus

70 845 271 941 recenses;
301 848 359 926 nil
371 846 440 925 nifi
451 846 581 926 millies
591 847 818 955 quingenties
832 844 1055 956 quadragies
1072 874 1224 954 crepas3

71 983 118 1033 ess
129 957 354 1065 patrimonio
372 958 472 1063 regis
489 959 668 1038 maximas
691 959 907 1064 largitiones
926 957 1010 1038 fieri
1030 959 1158 1038 solitas
1177 956 1226 1037 ab

71 1067 121 1146 iis
140 1070 291 1176 regibus
332 1072 376 1153 ui
389 1070 629 1151 liberalitatis
647 1070 816 1151 laudibus
835 1071 1074 1164 emicuerunt,
1091 1071 1226 1151 avidus

71 1180 275 1263 audieras:
306 1102 381 1263 bac
401 1201 439 1262 te
455 1182 638 1263 illecebri
654 1183 776 1277 veluti
794 1184 1020 1262 Bileamum
1033 1184 1149 1263 illum
1164 1184 1224 1261 in-

70 1288 224 1375 famem
242 1297 460 1404 proditores
479 1297 612 1404 patriae
624 1297 672 1375 ad
689 1295 797 1374 suam
809 1296 964 1374 causam
979 1295 1222 1405 perduxere;

70 1423 116 1483 ut
135 1406 218 1485 Dei
236 1408 386 1516 populo
406 1408 655 1502 maledicere,
678 1427 719 1486 et
742 1408 883 1487 divinis
895 1408 1055 1514 judiciis
1077 1407 1224 1486 obstre-

70 1544 165 1626 pere
185 1518 360 1600 audeses.
420 1519 569 1614 Stulte3
600 1521 694 1628 quid
723 1519 880 1599 tandem
907 1521 991 1625 regi
1015 1519 1155 1624 injusto
1178 1547 1224 1598 ac

68 1629 246 1710 violento
267 1651 349 1711 tam
368 1631 567 1711 immensa
585 1659 679 1741 opes
698 1631 909 1741 profuere?
968 1633 1079 1743 Qid
1102 1633 1223 1710 etiam

70 1738 173 1821 tibi?
202 1743 250 1822 ad
270 1771 393 1851 quem
409 1741 510 1823 nihil
529 1744 682 1853 prorsus
698 1772 851 1836 eorum,
872 1772 958 1852 quae
984 1743 1048 1852 spe
1072 1745 1223 1851 ingenti

68 1851 337 1951 devoraveras,
357 1855 570 1965 perveniffe
590 1857 708 1936 audio
727 1876 864 1964 praeter
880 1883 1000 1935 unam
1012 1857 1122 1934 illam
1134 1884 1223 1935 cru-

68 1967 275 2047 menulam
304 1970 436 2048 vitreis
459 1967 629 2077 globulis
653 1968 965 2066 vermiculatam,
990 1986 1030 2048 et
1048 1969 1222 2047 centenis

65 2078 237 2269 fflis
252 2078 483 2160 confertam.
521 2081 631 2190 Cape
647 2080 760 2159 istam
777 2081 974 2173 Balaame,
991 2108 1111 2189 quarn
1129 2081 1222 2160 ada·
1337 2178 1341 2188 Ι

188 2251 200 2285 ,
217 2193 433 2301 iniquitatis
449 2192 688 2284 mercedem,
705 2220 750 2271 ac
770 2190 913 2272 fruere.
958 2194 1094 2299 Pergis
1114 2195 1223 2271 enim

66 2300 265 2411 deriper03
297 2303 657 2413 Erratiossandardi
668 2304 709 2383 id
724 2303 794 2398 est,
814 2304 948 2386 vexilli
962 2304 1015 2384 ad
1029 2333 1149 2412 regem
1155 2303 1222 2410 so-

65 2411 145 2494 lisrn
157 2416 336 2525 pertinet.
399 2417 681 2530 Qapropter?
710 2419 804 2526 quia

258 2591 362 2672 Belli
360 2593 514 2700 flgnum
534 2591 728 2671 Laurenti
746 2587 898 2671 ‘Turnus
915 2591 963 2671 ab
981 2620 1070 2671 arce

181 2704 349 2785 Retulit.

64 2868 188 2947 Tune
212 2864 306 2945 verb
333 2865 469 2960 nescis,
501 2867 787 2960 Grammatice,
817 2865 894 2947 hoc
921 2869 1027 2948 idem
1054 2869 1217 2975 cujusvis

67 2978 316 3087 imperatoris
330 2977 463 3060 bellici
480 3007 622 3058 munus
639 2979 740 3059 effe?
771 2980 827 3060 At
839 2981 896 3060 ait
911 2981 1140 3089 Aristoteles,
1153 3013 1217 3062 ne-

64 3089 218 3201 cffest
235 3091 321 3197 regi
337 3090 551 3200 praefidium
570 3090 749 3200 adfissere,
791 3121 835 3172 uo
851 3094 945 3200 leges
963 3093 1068 3172 tueri
1084 3094 1215 3202 poffit;

64 3230 155 3310 ergo
172 3219 313 3311 oportet
332 3231 452 3310 regem
464 3203 554 3309 plus
571 3203 687 3283 armis
702 3123 798 3313 post²
816 3204 925 3313 quim
937 3206 1111 3313 papulum
1132 3207 1216 3285 uni·

64 3312 227 3421 versum.
286 3314 405 3394 Tales
434 3312 556 3394 homo
584 3315 876 3423 consequentias
900 3334 1080 3423 torquere
1105 3317 1215 3411 solet,

66 3424 204 3535 quales
218 3427 354 3506 Ocnus
370 3424 483 3506 funes
497 3428 602 3535 apud
614 3425 782 3521 inferos;
803 3456 888 3535 quae
904 3429 1000 3507 nulli
1014 3428 1100 3507 sunt
1116 3430 1216 3522 usui,

65 3538 140 3617 nifi
151 3556 196 3617 ut
206 3537 461 3618 comedantur
473 3537 521 3617 ab
537 3540 668 3618 afinis:
688 3540 795 3618 aliud
810 3541 918 3618 enim
930 3539 986 3618 est
995 3540 1215 3649 praefidium

66 3647 89 3728 i
116 3651 266 3758 populo
286 3651 437 3744 datum,
462 3650 569 3730 aliud
596 3678 797 3730 armorum
825 3653 1007 3731 omnium
1032 3652 1213 3759 potestas,

64 3788 189 3869 quam
199 3760 428 3842 Aristoteles
443 3760 519 3841 hoc
536 3762 633 3870 ipso,
647 3789 767 3869 quem
784 3762 993 3872 protulisti,
1011 3763 1098 3842 loco
1114 3761 1136 3842 ὲ
1151 3792 1212 3843 re-

64 3870 184 3980 gibus
201 3873 409 3980 abjudicat.
470 3874 654 3983 Oportet,
668 3876 810 3983 inquit,
825 3873 965 3954 habeat
980 3903 1048 3954 rex
1065 3894 1213 3956 tantam

64 3985 172 4064 circa
190 3984 228 4064 le
246 4012 410 4078 manum
429 3982 685 4079 armatorum,
708 4004 851 4097 quanta
864 3987 1027 4094 singulis
1040 3990 1106 4068 vel
1120 4018 1214 4069 com-

57 4094 467 4205 pluribussbrtiorſst,
480 4097 613 4206 populo
628 4097 717 4177 veri
735 4099 874 4189 minor;
895 4095 976 4179 eiras
996 4095 1028 4181 δὲ
1046 4099 1215 4197 τοσαύτην

64 4204 174 4311 inxit
191 4203 283 4291 s‘lm
302 4205 450 4290 {elaeon
469 4204 529 4317 pir
556 4205 617 4288 seui
640 4207 707 4301 {sle
726 4206 786 4291 usai
806 4209 1034 4319 συμπλειόνων
1054 4211 1213 4318 κρείττω,

63 4314 172 4401 nili
185 4317 332 4414 πλῆθους
345 4317 452 4416 ἥττω.
476 4320 594 4399 Polit.
609 4321 636 4399 l.
655 4347 691 4427 3.
704 4350 740 4400 c.
759 4349 823 4401 11.
852 4323 1016 4431 Alioqui
1032 4322 1133 4416 sane,
1147 4325 1215 4404 sub

64 4431 193 4541 specie
213 4434 364 4525 tuendi,
392 4433 506 4541 poflit
529 4432 659 4511 statim
684 4451 724 4512 et
747 4435 940 4543 populum
961 4453 1000 4513 et
1020 4435 1125 4542 leges
1145 4436 1215 4515 fibi

61 4541 267 4649 subjicere.
326 4545 421 4624 Hoc
440 4564 573 4624 autem
590 4572 658 4624 rex
678 4565 718 4624 et
734 4565 916 4652 tyrannus
933 4546 1113 4639 interest;
1145 4574 1215 4625 rex

60 4652 233 4736 dsenatu
249 4675 290 4736 et
308 4656 456 4765 populo
472 4656 643 4750 volente,
659 4685 704 4736 ac
724 4657 886 4751 libente,
914 4659 1021 4765 quod
1046 4657 1132 4736 latis
1159 4658 1215 4737 est

57 4766 227 4880 ptaefidii
240 4768 345 4849 circa
359 4767 396 4849 se
411 4767 530 4849 habet
543 4789 678 4849 contra
696 4767 840 4864 hostes,
856 4789 895 4849 et
910 4767 1130 4850 seditiosos:
1155 4788 1214 4879 ty·

120 4903 148 4982 4
622 4907 658 4960 M
