2888 5204
287 524 677 718 Btrpplemennrm
703 581 974 717 Responsro.
1120 628 1201 709 409

54 763 231 855 ciuntur,
262 756 409 840 horum
437 756 538 838 nihil
565 777 720 865 negant.
782 760 862 867 Fac
893 778 1027 839 autem
1057 760 1206 843 disertis

54 871 187 953 serbis
207 870 382 979 neglasse:
414 867 520 949 haud
536 898 735 978 quaquam
752 888 883 950 tamen
904 872 1067 952 istorum
1086 900 1206 981 nega-

58 988 117 1065 tio
139 984 399 1064 affirmatione
423 983 553 1089 potior
578 1001 636 1061 tot
659 981 870 1063 hominum
890 984 1208 1093 probiffimorum

57 1098 147 1191 erit,
161 1124 336 1204 quorum
349 1093 559 1203 praesertim
572 1094 778 1172 testium
741 1122 824 1173 vim
836 1123 880 1177 ac
895 1098 1100 1176 veritatem
1112 1095 1206 1177 cium

58 1208 243 1294 sustinere
270 1234 349 1287 non
377 1204 512 1314 posses,
534 1206 656 1313 petita
681 1203 808 1285 subito
839 1205 1006 1286 abeundi
1033 1207 1206 1304 licentia,

58 1348 139 1400 non
160 1319 357 1398 absolutus
377 1317 544 1423 judicio,
567 1315 629 1394 sed
659 1315 823 1424 elapsus,
843 1318 1004 1398 evafisti.
1065 1322 1208 1402 Literis

58 1430 203 1511 deinde
215 1428 507 1509 Genevenfium
526 1455 604 1506 non
625 1427 702 1506 fine
719 1429 937 1510 multorum
957 1434 1066 1538 gravi
1087 1434 1207 1514 inter-

57 1542 227 1627 ceffione
246 1561 362 1650 atque
377 1541 497 1619 etiam
517 1539 800 1645 indignatione,
815 1562 859 1618 ut
873 1541 986 1649 supra
1001 1543 1100 1635 dixi,
1113 1571 1209 1622 con-

60 1654 186 1748 ceffis,
206 1674 249 1733 tu
268 1653 375 1760 quast
396 1650 540 1731 Rheno
559 1677 674 1729 amne
696 1650 890 1745 lustratus,
906 1658 1003 1760 (quo
1023 1652 1210 1734 deveblum
1329 1732 1335 1743 ,

61 1784 100 1846 te
123 1765 165 1853 in
189 1765 359 1872 Belgium
384 1764 456 1865 ais)
483 1782 524 1842 et
547 1762 650 1845 noxi
675 1764 786 1842 omni
812 1764 982 1858 ablutus,
1010 1784 1210 1906 utcpnque

60 1877 375 1968 commendatus,
401 1875 549 1955 mirum
584 1901 664 1952 non
698 1892 780 1954 erat
813 1874 855 1965 st,
883 1878 1094 1958 convocata
1126 1878 1210 1957 illic

61 1987 232 2096 fortdSy
234 1987 337 2067 nodo
350 1987 490 2065 Gallo
494 1986 669 2091 Belgica,
683 2004 870 2093 tanquam
882 1987 1108 2070 Mercurtus
1120 2019 1211 2098 qur

61 2100 157 2181 dam
183 2126 306 2180 novus
327 2097 467 2178 Gallo·
447 2097 668 2204 -Belgicus,
689 2124 768 2177 non
799 2116 841 2177 tu
869 2100 1033 2207 quidem
1059 2101 1211 2180 illumi-

62 2231 191 2306 natus,
212 2211 275 2291 sed
298 2208 541 2303 combustus,
562 2226 606 2288 ut
631 2208 760 2303 fit,1n
788 2210 958 2317 Synodo,
980 2212 1027 2292 ad
1056 2231 1212 2321 tempus

61 2323 222 2404 latuisti.
283 2325 359 2402 Eas
378 2340 512 2401 autem
531 2317 719 2400 literas
680 2348 775 2400 cum
795 2319 907 2429 supra
921 2323 1090 2403 dixerim
1111 2322 1210 2418 fore,

63 2456 110 2525 ut
128 2437 169 2513 in
185 2433 365 2514 medium
385 2434 495 2512 nullo
511 2433 630 2512 modo
650 2431 857 2541 proferres,
872 2462 919 2511 ne
935 2435 1129 2542 prioribus
1147 2433 1212 2516 htc

62 2546 197 2657 positis
212 2565 358 2654 quanto
373 2545 493 2624 essent
509 2544 729 2651 frigidiores
745 2543 1067 2654 perspiceremus,
1083 2546 1212 2674 lepide

63 2679 109 2738 tu
137 2659 302 2766 quidem
332 2656 519 2765 exemplar
542 2685 670 2736 earum
702 2655 868 2762 nancsci
897 2675 935 2735 te
963 2687 1032 2737 non
1060 2659 1171 2766 potui
1195 2689 1214 2737 e

61 2769 240 2851 causaris.
344 2769 423 2849 uod
443 2787 577 2848 autem
595 2768 680 2846 dixi
699 2768 746 2846 ad
768 2785 940 2876 tempus,
962 2797 1040 2848 non
1060 2769 1212 2879 semper

62 2881 214 2962 latuisse
241 2884 338 2975 te,i
324 2879 508 2960 tfacile
537 2879 700 2973 constat,
730 2877 907 2988 primum
937 2880 1085 2990 quod
1073 2911 1115 2960 ιιι
1145 2882 1212 2962 illa

64 2993 147 3103 ipsa
167 2994 322 3099 Synodo
344 2989 516 3097 Trajelli
535 2992 583 3071 ad
606 2991 765 3072 Mosam
784 2990 918 3072 habita
936 2992 1018 3102 qud
1036 2992 1215 3103 primum

64 3104 250 3214 appulisti
270 3131 446 3183 rumores
466 3103 655 3212 quosdam
675 3123 806 3184 contra
825 3104 1026 3186 doetrinam
1046 3125 1154 3187 tuam
1175 3126 1215 3186 et

64 3216 371 3322 converstrtionem
401 3215 520 3296 illis
509 3243 551 3294 ιιι
572 3215 854 3321 Regionibusj
858 3243 923 3295 am
946 3217 1020 3296 esse
1035 3218 1077 3324 s
1056 3218 1213 3327 p,·arsor

65 3347 108 3413 et
127 3327 360 3437 suspiciones
378 3324 483 3408 haud
504 3327 606 3406 leves
627 3327 674 3406 de
695 3345 734 3406 te
754 3242 890 3456 passim
911 3329 972 3406 vel
1000 3356 1117 3410 novas
1142 3328 1214 3411 ha·

65 3439 167 3534 beri,
188 3441 249 3519 vel
269 3458 417 3519 veteres
437 3437 684 3531 recruduisse,
707 3466 833 3547 neque
856 3440 910 3517 ita
937 3458 974 3518 te
995 3439 1042 3518 iis
1061 3440 1215 3521 absolu-

67 3573 172 3646 tum,
192 3552 289 3661 quin
314 3551 362 3631 ad
389 3551 552 3631 alteram
582 3550 711 3658 postea
732 3550 934 3658 Synodum
961 3553 1061 3630 nova
1088 3551 1215 3633 rursus

67 3665 412 3744 commendatione
432 3691 531 3772 opus
552 3660 624 3741 tibi
644 3660 777 3755 fuerit,
793 3663 962 3744 declarat
964 3691 1074 3771 ,quae
1090 3663 1218 3772 sequi-

69 3795 134 3855 tur
146 3776 326 3857 Ecclefiae
338 3774 664 3881 Medioburgenae
677 3774 724 3852 ad
739 3774 1002 3884 Campensem
1016 3776 1218 3882 Synodum

69 3886 261 4017 Epistola,
288 3887 458 3970 declarat
488 3887 610 3966 etiam
640 3885 744 3966 illius
773 3887 956 3996 Epistolae
985 3886 1219 3998 subscriptor

68 4000 279 4108 primarius
299 3999 470 4104 Joannes
491 4000 711 4106 Longus]
679 3998 851 4078 eusdem
870 3997 1049 4079 Ecclesrae
1076 4000 1219 4108 pastor,

70 4112 142 4219 qui
163 4111 228 4191 tua
249 4130 335 4191 tum
355 4110 520 4218 quidem
540 4110 677 4190 larvd
666 4130 768 4189 inter
791 4109 887 4189 alios
906 4110 1107 4218 deceptus,
1128 4139 1218 4221 per-

70 4222 210 4332 spectis
225 4250 329 4302 nunc
344 4223 509 4302 demum
529 4240 569 4301 et
586 4220 798 4329 exploratis
817 4221 991 4301 moribus
1012 4223 1103 4317 tuis,
1116 4251 1219 4303 nun·

71 4360 193 4443 quam
224 4353 261 4414 te
296 4333 366 4413 nifi
396 4335 579 4414 maximae
606 4333 854 4413 contumelia
882 4333 1220 4444 detestationlsque

71 4448 188 4527 causd
206 4447 351 4526 dicitur
374 4448 590 4526 nominare.
652 4444 785 4525 Ιιιιιιιὸ
805 4444 922 4525 verba
950 4445 1030 4555 ipsa
1058 4466 1124 4526 tua
1150 4448 1221 4526 de-

72 4559 222 4640 clarant
251 4558 394 4666 quibus
425 4558 556 4639 fateris
591 4557 677 4665 post
711 4557 941 4638 seditionem
972 4557 1223 4666 Midelburgi

73 4689 217 4765 ortam,
233 4671 274 4749 in
290 4698 367 4778 qua
383 4670 532 4750 amicus
532 4668 712 4797 ‘quidam
728 4689 817 4750 tuus
832 4668 1118 4797 potentissimus
1134 4671 1222 4802 dig·

72 4784 194 4866 nitate
214 4783 376 4877 excidit,
389 4811 454 4864 eos
474 4809 543 4890 qu1
532 4779 649 4889 post
667 4810 760 4861 eum
779 4807 910 4861 rerum
928 4781 1046 4888 potiti
1066 4779 1193 4878 sunt,
1183 4811 1223 4863 ιιι
