2888 5204
141 201 218 255 120
412 166 503 257 Pro
529 157 713 291 Populo
739 157 1006 288 Anglicano

309 339 425 446 Αἷμον
441 333 632 431 κατὲσησ’
649 333 754 416 oiorie
771 333 819 427 εἷς
836 334 1038 446 μαναρχίαν

312 443 561 555 Ἐλευθερῦσας
579 443 670 541 miei
688 443 854 551 initimavi
870 443 986 531 mim.

171 584 355 693 Populum
374 585 545 695 constitui
558 585 674 694 ipsum
692 584 731 664 in
749 586 1009 666 monarchiam.

170 696 358 778 Liberans
374 698 474 777 hanc
496 696 629 779 Urbem
648 698 790 807 aquale
796 692 1061 807 jussteffragii
1074 689 1245 772 habentem.

144 832 200 911 Et
218 831 346 913 rursus
365 832 414 912 ad
434 859 655 943 praeconem
673 829 928 913 Thebanum.

312 971 447 1074 Πρῦτον
464 965 526 1079 μὲν
543 965 630 1074 ἤρξω
648 967 708 1049 τοῦ
725 966 830 1071 >hym
849 964 976 1073 ψευῖὖς
994 962 1067 1069 {iot

312 1082 431 1178 Ζητόν
450 1077 601 1187 τύραννον
620 1075 729 1162 {vohi
748 1079 784 1161 ου’
801 1080 872 1186 yoip
889 1078 1042 1187 ἄρχεται

310 1191 404 1284 ‘Eric
419 1191 500 1298 mpie
516 1187 643 1297 oioipie,
660 1190 746 1272 οἷλλ’
764 1189 918 1301 ἐλευθέρα
935 1186 1050 1290 mimo,

316 1306 434 1414 Δῆμος
452 1301 484 1386 i'
501 1298 662 1387 oiooiaare.

262 1428 435 1509 Primim
453 1427 631 1537 incapssi
645 1429 842 1509 orationem
847 1427 955 1536 falsi
974 1426 1095 1536 hospes

256 1542 437 1646 Quarens
455 1558 655 1650 tyranmm
672 1540 749 1633 hic,
768 1569 838 1621 non
856 1539 949 1620 enim
967 1540 1119 1647 regitur

259 1649 325 1730 Ab
345 1680 414 1732 uno
432 1652 530 1745 viro,
536 1650 613 1757 fied
626 1651 675 1761 est
692 1652 809 1732 libera
827 1653 907 1733 haec
925 1650 1077 1744 emitas,

258 1764 425 1871 Populus
442 1780 565 1842 autem
584 1780 732 1870 regnat.

148 1899 247 1978 Haec
266 1897 358 1995 ille;
387 1929 482 1980 cum
501 1918 633 1978 tamen
653 1927 722 1978 rex
742 1900 783 1978 in
807 1897 874 1979 illa
896 1899 1054 1979 civitate
1076 1916 1117 1977 et
1139 1895 1233 1976 effer
1251 1910 1290 1973 et

145 2010 273 2090 distus
287 2011 393 2091 effet.
438 2011 566 2092 Testis
581 2010 636 2090 est
649 2013 771 2091 etiam
783 2011 937 2090 divinus
949 2010 1062 2090 Plato
1077 2010 1120 2088 in
1132 2005 1289 2117 epistola

145 2125 294 2216 oiiava,
324 2123 482 2203 Induxit
502 2125 704 2232 Lycurgus
717 2122 895 2229 stnatrem
912 2140 949 2202 et
969 2122 1205 2230 Ephororum
1226 2133 1292 2226 po·

144 2233 323 2341 testatem,
349 2235 411 2328 τῆς
444 2233 634 2328 βασιλικῆς
662 2236 775 2341 ἄρχῃς
799 2231 956 2340 σωτήριον
981 2232 1159 2342 potestati
1181 2228 1294 2336 regia

144 2345 302 2423 maxime
316 2346 546 2450 salutarem,
577 2374 660 2456 qua
693 2347 764 2425 hac
796 2347 940 2426 ratione
967 2361 1042 2454 per
1073 2361 1131 2425 tot
1144 2339 1293 2449 saeceela

146 2484 382 2562 magnacum
401 2455 509 2535 laude
527 2456 745 2563 coofi‘rvata
759 2457 833 2565 est5
856 2457 1044 2567 postquam
1062 2455 1123 2536 lex
1138 2452 1295 2544 dommo,

87 2665 90 2672 Ι
147 2565 342 2672 nerefohia
360 2569 409 2675 est
427 2568 621 2648 hominum.
680 2571 767 2649 Lex
787 2588 921 2649 autem
940 2596 1009 2647 rex
1028 2567 1102 2647 effe
1122 2593 1203 2646 non
1223 2591 1296 2674 po·

147 2679 221 2758 test
236 2678 307 2757 nifi
324 2680 369 2758 fit
387 2681 458 2788 qui
477 2681 517 2758 in
538 2708 674 2787 regem
693 2680 909 2789 quoque,s1
929 2680 1018 2759 usus
1029 2678 1196 2770 venerit,
1209 2676 1296 2782 lege

145 2790 260 2897 poffit
279 2816 407 2897 agere.
466 2793 530 2870 Sic
549 2811 807 2900 temperatam
821 2791 1052 2900 potestatem
1067 2791 1223 2898 regiam
1237 2788 1297 2868 Si-

146 2898 351 2981 cilenfibu's
363 2905 630 2996 commendat,
638 2901 806 3010 ἐλευθερία
820 2898 986 3006 γιγνέσθω
999 2899 1095 3012 μετὰ
1107 2897 1297 2996 βασιλικῆς

145 3012 271 3118 ἀρχῆς,
292 3032 368 3093 etc.
389 3015 448 3119 stt
474 3014 628 3094 libertas
655 3044 736 3094 cum
764 3015 870 3121 regia
890 3014 1090 3123 potestate,·
1104 3013 1165 3119 fit
1189 3010 1298 3117 regia

141 3125 300 3234 potestas
322 3124 494 3217 ὑπεύθυνος
517 3125 708 3208 reddenda
725 3127 869 3207 rationi
884 3124 1064 3216 obnoxia,·
1092 3121 1297 3204 dominetur

147 3238 208 3317 lex
227 3239 337 3317 etiam
355 3237 504 3344 regibus
512 3237 646 3347 stquid
653 3256 802 3348 prater
819 3239 931 3345 legem
939 3237 1127 3343 fecerint.
1185 3232 1297 3314 Aris·

149 3348 286 3428 toteles
298 3349 467 3457 denique
476 3350 730 3457 politicorum
745 3350 813 3456 3¹⁸⁰,
826 3353 876 3430 In
886 3347 1298 3459 repub.Spartanorum

146 3458 314 3552 videtur,
335 3461 479 3567 inquit,
505 3490 659 3568 regnum
677 3461 741 3570 effe
759 3461 931 3554 maximi,
954 3489 1077 3541 eorum
1099 3484 1296 3566 regnorum

147 3569 543 3675 quasuntstcundhm
562 3574 702 3679 legem:
724 3600 861 3652 omnes
872 3591 1006 3652 autem
1025 3570 1138 3678 regni
1154 3567 1297 3679 species

148 3675 361 3760 secundim
379 3681 510 3789 legem
529 3681 640 3763 fuiffe
660 3686 728 3777 ait,
748 3702 886 3793 praeter
904 3711 1025 3762 unam
1043 3708 1168 3790 quam
1185 3694 1299 3760 vocat

145 3794 432 3901 παμβασιλειάν,
450 3821 577 3901 neque
594 3794 714 3874 talem
733 3793 897 3903 usquam
912 3793 1080 3874 extitiffe
1095 3791 1296 3872 meminit.

146 3902 247 3982 Tale
264 3903 396 4009 itaque
417 3932 585 4011 regnum
598 3904 773 3985 maximi
793 3907 977 3987 omnium
988 3901 1147 4015 proprii
1163 3921 1203 3983 et
1218 3901 1298 3982 dici

145 4031 185 4093 et
196 4013 269 4094 effe
283 4040 450 4120 regnum
466 4016 825 4111 senfitAristoteles,
838 4017 953 4127 quale
969 4016 1073 4126 apud
1090 4016 1298 4206 Sgartanos

144 4122 245 4219 fuit3
268 4125 388 4204 talem
403 4128 569 4235 proinde
586 4156 722 4236 regem
738 4157 818 4209 non
834 4130 965 4209 minus
982 4128 1118 4237 propri
1162 4143 1203 4206 et
1216 4126 1299 4206 dici

141 4255 183 4333 et
201 4236 275 4318 effe
294 4263 445 4344 regem,
467 4239 536 4317 ubi
557 4258 689 4319 tamen
709 4241 880 4351 populus
905 4239 1017 4349 supra
1040 4265 1180 4346 regem
1199 4256 1298 4329 erat,

141 4376 283 4458 negare
311 4375 390 4429 non
414 4351 559 4458 potuit.
620 4354 729 4433 Cum
759 4370 817 4433 tot
842 4354 1019 4460 tantique
1046 4348 1234 4457 authores
1259 4367 1301 4430 et
