2888 5204
338 577 524 719 Contra·
541 572 870 671 Alexandrum
893 579 1103 670 Morum.
1217 619 1295 703 397

142 775 299 857 regere.
358 752 458 831 Haec
484 749 579 833 clun
609 754 664 831 ita
695 752 781 844 sint,
807 751 1012 860 perficiam
1036 749 1142 831 haud
1167 755 1296 835 multo

145 864 325 969 negotio,
356 882 400 942 ut
430 864 640 970 intelligas,
664 861 786 971 quim
818 865 1012 971 exiguum
1044 864 1116 943 tibi
1146 866 1186 943 in
1211 867 1296 946 aliis

144 974 371 1083 praefidium
384 975 445 1070 fit,
457 973 553 1056 cum
569 994 650 1055 tam
666 977 858 1082 exiguum
876 976 948 1055 tibi
968 977 1008 1056 in
1026 976 1146 1084 teipso
1161 975 1294 1057 fuerit.

146 1086 274 1277 erqd
292 1090 400 1167 enim
421 1088 547 1196 potest
562 1089 689 1168 aliena
701 1086 795 1166 fides
812 1087 1080 1166 testimonium
1095 1089 1143 1167 de
1157 1108 1194 1168 te
1209 1091 1294 1170 aliis

144 1224 218 1306 per
248 1198 369 1293 ibere,
382 1196 477 1280 clun
490 1218 557 1280 tua
569 1199 665 1280 fides
676 1196 882 1308 perhibere
898 1200 1052 1279 nullum
1064 1201 1297 1309 quodjuvet

145 1328 217 1389 aut
235 1311 302 1390 cui
320 1310 507 1404 confidas,
519 1313 567 1392 de
585 1311 791 1419 temetipso
811 1312 925 1420 poffit
945 1311 1044 1391 tibi?
1103 1314 1158 1392 Et
1168 1314 1296 1393 videte

144 1421 275 1528 quaeso
293 1420 414 1531 quim
441 1423 623 1503 dissoluto
648 1423 796 1515 animo,
817 1450 937 1529 quam
957 1423 1107 1527 abjesio
1127 1425 1296 1505 desertor

146 1532 205 1612 sui
226 1550 267 1613 et
285 1533 452 1643 perfuga
464 1535 511 1614 ad
527 1536 792 1644 patrocinium
809 1535 941 1613 alienae
953 1533 1045 1614 fidei
1060 1535 1108 1613 ab
1123 1535 1160 1614 se
1177 1538 1296 1616 trans-

145 1641 292 1752 firgiat.
356 1649 487 1755 Neque
508 1676 612 1740 vero,
636 1640 781 1754 inquit,
804 1663 946 1754 tempus
968 1663 1087 1726 teram
1111 1647 1150 1727 in
1172 1676 1293 1728 eorum

131 1754 303 1863 fillieita
326 1758 566 1867 refutatione,
587 1786 810 1867 quaecunque
832 1776 876 1837 tu
894 1758 1039 1865 garris.
1098 1760 1235 1839 Laudo
1257 1780 1294 1840 te

144 1868 226 1949 taeti
256 1870 381 1949 animi
411 1890 528 1979 atque
555 1870 736 1975 jucundi,
762 1868 863 1947 nihil
895 1889 937 1949 tu
961 1870 1087 1977 magis
1113 1870 1292 1966 sollicite,

175 1977 271 2061 uim
291 1980 597 2062 sollicitudinem
620 1980 743 2092 ipsam
762 1985 873 2061 vitas.
933 1983 1030 2061 Mea
1050 1982 1170 2061 modo
1189 1974 1295 2064 nimii

131 2008 304 2198 sollertia
314 2094 386 2174 tibi
399 2092 477 2173 fuit
489 2096 538 2173 ad
559 2095 695 2173 Deum
708 2092 950 2201 protestatio:
971 2122 1076 2172 nunc
1093 2114 1201 2175 tuam
1215 2124 1294 2177 non

145 2201 281 2285 minirs
282 2203 485 2310 sollicitam
497 2225 609 2314 putas
623 2226 782 2285 tuorum
793 2206 1009 2284 criminum
1020 2205 1292 2311 refutationem.

145 2316 277 2424 Atqui
295 2318 414 2425 egofi
431 2319 623 2398 duntaxat
638 2318 785 2423 garrio,
799 2316 905 2396 haud
925 2314 1093 2396 multam
1112 2317 1198 2397 sane
1219 2319 1295 2398 sol-

143 2427 395 2510 licitudinem
423 2449 488 2510 tua
512 2429 698 2510 refutatio
721 2427 962 2509 defiderabit.
1022 2429 1294 2535 Ignaviffimus

145 2539 326 2651 profestis
350 2542 411 2635 sis,
438 2561 507 2621 aut
533 2541 636 2622 male
658 2541 834 2622 conscius
858 2540 1006 2620 necesse
1029 2540 1098 2633 est,
1122 2543 1188 2620 cui
1211 2561 1293 2623 tarn

145 2650 276 2733 facilis
306 2653 569 2763 tuimetipsius
599 2653 784 2746 desenfio,
809 2671 890 2733 tarn
914 2652 1042 2760 gravis
1069 2670 1110 2731 et
1125 2651 1294 2758 sollicita

144 2765 342 2845 videatur:
369 2767 523 2874 ineptus
539 2765 653 2874 plane
669 2786 709 2845 et
724 2765 922 2857 ridendus,
935 2765 1005 2872 qui
1021 2764 1176 2844 nullum
1192 2785 1294 2845 tem·

145 2904 221 2986 pus
248 2877 427 2957 inutilius
456 2899 579 2957 terere
605 2895 643 2956 te
671 2897 796 2985 putes,
817 2874 937 2986 quim
958 2878 998 2955 in
1018 2905 1066 2955 eo
1084 2876 1168 2986 ipso
1187 2879 1294 2986 quod

144 2989 194 3068 ad
215 3015 315 3083 rem,
329 2989 452 3097 srquid
467 2990 589 3084 vides,
603 3009 642 3069 et
661 2989 709 3068 ad
725 2987 880 3069 causam
896 2986 1071 3067 maxime
1086 2992 1291 3097 pertineat.

146 3102 260 3181 Nam
278 3100 370 3211 quid
386 3101 595 3211 mirram,
613 3102 758 3209 inquis,
774 3102 819 3206 ſs
829 3099 1009 3209 subulam
1028 3102 1124 3181 stane
1145 3103 1296 3210 penitus

142 3211 366 3294 retexuero?
380 3214 516 3322 statim
529 3214 643 3293 aliam
661 3212 826 3293 ordieris.
887 3211 985 3291 Sane
1004 3213 1167 3320 quidem
1187 3217 1294 3294 diffi-

143 3324 220 3405 cile
240 3324 282 3404 id
302 3324 394 3405 esset
412 3326 586 3405 nemini:
618 3352 747 3434 neque
767 3325 815 3403 de
836 3322 962 3403 nihilo
978 3343 1015 3401 te
1033 3325 1110 3402 urit
1127 3324 1195 3403 ista
1215 3325 1294 3406 sus·

144 3436 267 3546 picio.
325 3438 456 3516 Tanta
474 3440 584 3517 enim
605 3455 646 3517 tu
672 3435 773 3516 solus
797 3434 1019 3514 fabularum
1046 3434 1148 3542 sylva
1173 3463 1227 3531 es,
1248 3456 1294 3516 ut

144 3576 198 3630 ex
217 3550 296 3629 tuis
315 3550 430 3629 unius
450 3548 563 3628 rebus
583 3549 699 3655 gestis
715 3567 832 3655 atque
849 3546 1034 3655 nequitiis
1049 3545 1294 3656 suppeditare

144 3666 309 3741 centum
323 3660 445 3741 triviis
458 3681 576 3768 atque
589 3661 744 3740 circulis
758 3660 861 3738 unde
877 3658 1022 3738 multos
1038 3658 1078 3736 in
1094 3658 1176 3738 dies
1191 3659 1295 3739 ride-

146 3790 215 3853 ant
236 3770 324 3852 satis
347 3771 571 3853 fabularum
594 3800 695 3852 unus
719 3772 848 3881 possis.
906 3772 1042 3879 Atque
1061 3769 1158 3848 adeo
1178 3767 1293 3876 hujus

144 3882 286 3965 fabulae
304 3888 437 3964 astum
449 3885 535 3991 jam
553 3905 738 3993 quartum
758 3883 1009 3991 peregimus:
1036 3881 1119 3960 exit
1132 3882 1291 3979 Morus;

146 3994 268 4077 aliam
280 3996 399 4076 credo
413 3998 498 4076 vult
510 3995 712 4106 personam
729 3995 906 4075 induere.
943 3995 996 4073 Ut
1003 3991 1132 4098 stmel,
1148 3995 1291 4103 inquit,

143 4107 406 4216 defatigamur,
419 4108 648 4218 quodsuerit
660 4107 833 4212 Ecclessae
849 4105 1078 4209 Geneverfis,
1090 4107 1187 4214 quod
1195 4108 1293 4188 ct'vr'·

143 4220 240 4302 tatis
256 4220 358 4300 illius
374 4219 418 4301 de
434 4249 490 4300 me
505 4218 692 4326 judicium
709 4221 769 4300 hae
787 4218 964 4299 docebunt
982 4217 1104 4297 litera
1125 4214 1293 4328 Testimo-

144 4333 277 4427 m‘ales‚
296 4332 375 4412 altis
396 4333 573 4437 occaſsone
596 4331 710 4412 datae.
771 4330 832 4410 Ita
854 4331 934 4426 est;
965 4329 1013 4408 ad
1036 4329 1165 4437 elogia
1188 4358 1294 4413 nunc

146 4445 280 4525 transit
302 4444 392 4539 sua;
423 4449 530 4525 astus
555 4445 716 4553 quintus
743 4442 908 4551 incipit:
939 4468 1039 4521 nova
1065 4440 1180 4548 plani
1203 4470 1294 4550 per-

145 4557 252 4651 sona,
272 4555 337 4636 sed
357 4555 498 4637 eodem
523 4575 655 4636 tamen
682 4554 814 4634 subtus
840 4554 983 4635 latente
1003 4551 1141 4642 Moto,
1162 4554 1294 4658 prodit

143 4668 359 4763 cornicula,
379 4667 504 4749 sedet
527 4697 573 4749 ea
596 4696 756 4776 quoque
776 4666 1002 4777 personata:
1033 4662 1144 4741 miris
1164 4663 1293 4746 nescio

141 4798 244 4890 quot
259 4778 421 4890 repente
435 4781 585 4890 plumis
601 4778 800 4861 adscititiis
812 4797 931 4886 atque
946 4773 1143 4857 coloribus
1162 4773 1216 4857 ita
1231 4777 1293 4857 in-
