2888 5204
218 686 222 690 .
359 553 749 689 supplementum
775 553 1048 692 Responfio.
1194 594 1276 677 4¹7

124 756 218 839 quae
235 731 496 838 vulgatisfima
521 733 602 812 istis
626 734 851 841 regionibus
873 733 1028 837 jamdiu
1057 735 1276 814 innotuere.

124 842 251 923 Unde
272 843 389 952 spurii
405 846 431 925 fi
452 873 529 923 non
545 847 763 941 extiterint,
781 873 857 924 non
874 845 1065 926 continub
1081 865 1123 927 tu
1139 847 1278 939 castus,

124 954 195 1037 sed
213 955 261 1036 eb
280 954 435 1036 fortasse
452 959 616 1065 nequior
633 957 754 1039 fuisti.
814 958 1018 1039 Hactenus
1032 987 1118 1067 quae
1138 979 1181 1038 tu
1203 957 1277 1038 tes-

125 1070 297 1148 timonia
316 1069 478 1150 attulisti
498 1090 564 1148 aut
584 1070 687 1150 malle
707 1090 831 1180 parta,
852 1090 920 1149 aut
941 1070 1027 1175 jam
1046 1071 1216 1165 exoleta,
1239 1070 1279 1151 id

124 1180 186 1261 est
210 1181 408 1291 aliquanto
435 1179 544 1290 pribs
569 1183 671 1277 data,
692 1180 815 1291 quam
841 1181 1035 1290 patefadta
1063 1212 1109 1263 ea
1131 1182 1279 1262 fuerint

124 1290 303 1373 facinora
314 1321 400 1401 quae
414 1291 436 1372 ὲ
452 1322 516 1373 me
533 1294 605 1373 tibi
619 1291 866 1404 potilltmbm
881 1295 1136 1401 objiciuntur,
1149 1296 1279 1375 osten·

124 1407 185 1487 di.
245 1407 402 1516 Qibus
422 1406 652 1487 testimoniis
673 1407 699 1487 fi
719 1407 767 1486 ab
788 1408 1004 1486 innumeris
1028 1408 1166 1516 paffim
1187 1410 1279 1488 viris

124 1518 244 1599 bonis
262 1546 360 1626 quos
380 1546 583 1627 nunquam
599 1521 834 1599 nominatim
855 1518 998 1598 laeseras
1018 1546 1096 1599 non
1117 1519 1174 1598 est
1193 1549 1280 1600 cre-

124 1630 275 1725 ditum,
296 1630 335 1710 id
355 1631 463 1739 quod
486 1632 557 1740 ipsr
582 1631 869 1741 Subscriptores
894 1633 952 1710 tui
975 1652 1209 1740 queruntur,
1229 1632 1280 1711 de

127 1770 197 1823 me
210 1743 423 1852 nostrisque
440 1742 681 1837 hominibus,
695 1771 792 1851 quos
808 1743 959 1848 injuriis
976 1743 1161 1823 maximis
1175 1742 1279 1823 ultrb

124 1855 299 1949 irritasti,
317 1858 344 1935 fi
365 1882 442 1934 non
462 1856 680 1949 credamus,
702 1883 780 1934 non
801 1855 857 1934 est
876 1854 1020 1935 merito
1039 1856 1146 1963 quod
1166 1857 1279 1964 queri

125 1968 338 2077 quisquam
364 1967 493 2077 poffit.
553 1968 771 2048 Postremas
801 1968 985 2046 omnium
1016 1969 1145 2048 literas
1176 1971 1279 2047 Am·

124 2080 475 2161 sterodamenfium
497 2079 716 2159 Consulum
744 2099 784 2159 et
805 2081 1037 2177 Redtorum
1059 2081 1188 2161 nescio
1208 2110 1280 2161 cu-

124 2191 191 2299 jus
209 2193 341 2301 operti,
362 2187 491 2300 qudve
511 2195 624 2300 pacto
648 2212 907 2301 comparatas,
926 2221 977 2271 ex
998 2193 1131 2273 Gallia
1159 2192 1280 2272 trans-

126 2305 282 2384 mittis:
314 2332 439 2412 neque
457 2305 504 2382 ad
526 2322 681 2413 tempus
696 2306 807 2383 omni
823 2332 874 2383 ex
894 2323 1002 2413 parte
1018 2304 1106 2385 satis
1122 2333 1281 2385 accom-

124 2416 320 2511 modatas,
348 2417 462 2496 etad
489 2444 572 2495 rem
598 2415 703 2496 certd
731 2415 897 2495 minimb
925 2416 1129 2524 apposttas.
1190 2418 1280 2523 Ego

126 2556 218 2639 quae
236 2549 278 2608 tu
299 2527 378 2638 ipse
402 2528 591 2636 flagitiosa
615 2527 766 2620 seceris,
787 2555 983 2635 coarguo;
1015 2546 1057 2607 tu
1077 2528 1174 2636 quid
1194 2557 1281 2608 ma-

125 2640 310 2751 gistratus
337 2642 378 2719 in
411 2660 448 2720 te
472 2668 550 2720 non
575 2639 713 2720 fecerit
740 2639 816 2720 hoc
839 2640 1064 2720 testimonio
1089 2641 1281 2720 duntaxat

125 2752 314 2833 ostendis.
373 2752 513 2861 Scripsi
532 2754 732 2861 equidem,
753 2771 807 2847 et,
820 2753 928 2860 quod
949 2772 1035 2831 turn
1055 2754 1186 2861 palam
1207 2752 1280 2832 tes-

125 2882 233 2946 tatus
253 2865 354 2957 sum,
383 2892 461 2944 non
481 2893 554 2974 pro
572 2865 798 2959 certiffimo,
826 2864 889 2943 sed
909 2883 955 2943 ut
975 2892 1100 2972 nuper
1119 2866 1280 2945 audive-

129 3004 233 3070 ram,
247 2974 367 3086 ldque
383 2979 502 3056 etiarn
516 3004 586 3085 per
598 2978 726 3057 literas
742 2977 818 3056 fide
833 2977 984 3085 dignas,
998 2977 1280 3086 Magistratum

127 3089 543 3170 Amllerodamensem
570 3089 641 3168 tibi
669 3090 871 3198 pulpitum
898 3088 1153 3169 interdixiffe.
1212 3091 1281 3169 Tu

126 3201 260 3282 literas
279 3199 410 3281 fateris
423 3221 497 3311 per
511 3228 628 3280 omnes
642 3223 771 3307 gentes
786 3218 921 3281 contra
937 3221 975 3280 te
993 3200 1041 3279 ab
1054 3200 1282 3308 adversarias

126 3315 208 3393 tuis
233 3314 437 3420 mffltatas.
497 3316 551 3392 Et
576 3341 641 3392 eos
665 3312 896 3393 adversarios
921 3338 1026 3390 nunc
1050 3311 1183 3392 scribis
1206 3312 1280 3393 elle

128 3444 247 3519 tuos3
278 3453 354 3532 ego
377 3445 416 3505 et
445 3425 567 3505 bonos
592 3426 695 3504 viros
722 3423 796 3503 effe
819 3451 885 3503 eos
909 3450 1153 3532 acceperam,
1174 3443 1214 3502 et
1241 3443 1278 3505 te

127 3537 393 3618 adversarium
427 3538 595 3616 sciebam
626 3535 700 3615 elle
724 3563 874 3615 meum.
937 3537 1002 3613 Ex
1031 3530 1282 3643 ipfis'quaero

129 3649 432 3758 Magistratibus
460 3647 904 3740 Amsterodamenstum‚
936 3672 1032 3724 num
1064 3646 1282 3729 istiusmodi

129 3763 341 3871 quippiam
367 3760 531 3840 allatum
561 3760 610 3839 ad
641 3758 676 3839 se
708 3759 756 3840 de
784 3756 999 3839 adversario
1023 3784 1102 3836 non
1127 3755 1280 3841 tantbm

130 3872 215 3968 suo,
228 3873 290 3952 sed
309 3874 478 3953 civitatis
497 3873 618 3951 etiam
637 3871 721 3966 suae,
735 3872 885 3951 filentio
902 3871 1282 3979 praetermittendum

129 3985 390 4066 censuissent?
430 3985 523 4064 Hoc
543 3985 665 4090 igitur
684 3985 863 4063 fiverum
883 4009 960 4061 non
977 3982 1036 4074 s1t,
1050 3981 1106 4060 est
1124 4010 1283 4091 quoque

125 4096 398 4190 -leviffimum3
429 4098 580 4203 dequo
605 4115 644 4173 et
671 4123 746 4202 ego
772 4093 939 4173 minima
963 4093 1153 4188 laborare,
1174 4116 1215 4175 et
1240 4118 1283 4177 tu

133 4206 303 4289 minimd
323 4208 499 4287 exultare
528 4206 681 4286 debeas.
737 4207 936 4313 Nunquid
958 4204 1014 4284 est
1041 4205 1147 4285 aliud
1176 4210 1283 4315 quod

134 4321 323 4402 testentur
343 4321 415 4400 tibi
435 4318 494 4400 hae
523 4318 667 4398 literae?
698 4317 753 4397 est
779 4317 898 4399 aliud.
956 4318 1019 4396 Te
1039 4347 1085 4396 ex
1104 4347 1172 4426 quo
1190 4338 1284 4399 tem-

124 4452 219 4545 pore
236 4431 341 4544 apud
345 4431 392 4539 se
410 4432 449 4511 in
462 4430 610 4541 publico
627 4459 776 4510 munere
792 4428 965 4536 verfiztus
979 4457 1030 4522 es,
1054 4429 1152 4508 nihil
1164 4430 1283 4511 admi·

124 4543 460 4656 fiffitquodjustum
468 4542 662 4652 praedislis
675 4541 867 4622 calumniis
878 4542 992 4619 locum
1004 4539 1282 4649 darepotuerit.

132 4658 246 4768 Qid
268 4658 294 4737 st
314 4655 403 4736 antd
423 4655 636 4751 admiseris,
653 4651 773 4762 quam
793 4652 841 4733 ad
862 4679 927 4731 eos
948 4650 1114 4729 venisti?
1174 4654 1284 4735 Nam
1412 4731 1414 4735 ,

131 4769 277 4882 quibus
304 4767 543 4850 Consulibus
569 4765 728 4848 admissa
760 4764 828 4845 abs
859 4784 896 4844 te
923 4790 1087 4873 quaeque
1122 4760 1284 4864 suarim,

191 4910 219 4985 4
670 4905 693 4957 n
717 4906 739 4958 n
