2888 5204
242 605 296 689 52
453 559 457 568 ’
512 565 603 657 Pro
629 557 814 695 Populo
840 557 1108 695 Anglicano
1317 493 1319 497 Ι

244 737 418 819 Herodis
439 735 668 842 injustitiam
685 735 890 844 arguendi,
912 732 1022 840 cujus
1041 731 1110 815 sub
1130 733 1282 815 ditione
1301 752 1392 830 erat,

244 850 488 931 occasionem
507 850 626 958 cepit.
686 850 786 956 Qi,
806 875 899 927 cum
920 847 1048 926 caeteri
1068 873 1177 954 reges
1197 865 1309 926 terrae
1332 847 1395 954 (fi-

246 962 411 1068 quidem
429 963 562 1071 patriae
576 980 754 1069 parentes
775 961 854 1039 dici
874 959 911 1039 se
930 960 1110 1068 cupiant)
1131 985 1210 1038 non
1232 958 1340 1053 filiis,
1359 959 1395 1039 id

247 1074 304 1154 est
323 1072 473 1154 civibus
493 1072 582 1166 suis,
599 1071 663 1152 sed
681 1073 833 1165 alienis,
845 1070 951 1150 bello
972 1098 1114 1180 nempe
1130 1070 1296 1151 subactis
1311 1099 1395 1179 gra·

249 1187 357 1266 viora
370 1185 516 1266 tributa
532 1185 724 1293 imperare
740 1184 898 1278 soleant,
911 1181 978 1263 hic
991 1201 1127 1263 contra
1141 1209 1221 1262 non
1237 1183 1394 1276 alienos,

248 1297 312 1377 sed
332 1297 433 1377 filios
453 1298 708 1407 opprimeret.
769 1298 985 1403 Utcunque
1007 1296 1066 1388 fit,
1092 1295 1168 1374 five
1190 1293 1294 1374 filios
1319 1292 1395 1388 hic,

246 1412 352 1490 cives
372 1437 513 1517 regum
533 1410 726 1519 proprios,
748 1408 823 1487 five
843 1406 943 1488 filios
960 1408 1055 1501 Dei,
1071 1407 1112 1487 id
1131 1405 1187 1486 est
1206 1406 1344 1487 fideles
1361 1426 1397 1486 et

217 1602 223 1615 ,
248 1523 289 1600 in
306 1521 530 1602 universum
550 1518 777 1600 christianos
797 1519 967 1627 intelligi
986 1518 1189 1612 concedas,
1216 1537 1262 1598 ut
1281 1519 1396 1598 intel-

183 1639 186 1643 ’
248 1633 337 1741 ligit
353 1633 613 1741 Augustinus,
630 1631 887 1713 certiffimum
903 1633 972 1725 est,
991 1631 1018 1710 fi
1034 1630 1137 1710 filius
1153 1629 1230 1710 fuit
1245 1632 1395 1724 Petrus,

247 1763 289 1825 et
314 1747 477 1855 proinde
502 1744 615 1838 liber,
643 1771 712 1824 nos
739 1744 860 1822 etiam
882 1743 1046 1823 authore
1068 1741 1227 1822 Christo
1254 1741 1395 1821 liberos

247 1856 349 1936 esse:
380 1858 443 1935 vel
463 1875 506 1935 ut
530 1857 648 1950 cives,
667 1857 731 1935 vel
751 1874 795 1935 ut
814 1854 1066 1935 christianos:
1099 1883 1176 1934 non
1201 1850 1276 1934 esse
1303 1880 1396 1962 ergo

103 1966 111 1981 '
240 1967 340 2073 juris
361 1969 460 2075 regii
480 1966 501 2046 ὲ
519 1966 609 2047 filiis
634 1987 675 2048 et
701 1967 833 2047 liberis
854 1966 999 2045 tributa
1025 1967 1202 2072 graviora
1222 1967 1393 2072 exigere.

247 2078 432 2159 Testatur
451 2080 559 2158 enim
580 2078 760 2158 Christus
779 2077 997 2188 persolvisse
1016 2078 1068 2172 se,
1096 2105 1174 2158 non
1199 2079 1310 2186 quod
1329 2079 1397 2158 de-

247 2191 372 2285 beret,
384 2189 507 2271 sedne
520 2191 607 2269 illos
619 2189 855 2271 offendendo
867 2191 936 2297 qui
952 2190 1176 2297 exigebant,
1191 2189 1396 2297 negotium

248 2301 319 2382 fibi
335 2303 509 2412 privatus
526 2301 754 2382 exhiberet:
776 2329 870 2382 cum
884 2301 1061 2381 officium
1080 2330 1125 2382 ac
1146 2329 1292 2380 munus
1309 2301 1395 2381 lon·

248 2412 401 2520 giffimd
414 2413 609 2494 diversum
621 2416 661 2493 in
676 2415 745 2494 illo
757 2415 844 2493 vitae
860 2413 1139 2493 suaecurriculo
1154 2412 1395 2522 explendum

249 2525 320 2605 fibi
348 2525 452 2605 esset.
513 2527 626 2606 Dum
656 2527 777 2633 igitur
806 2543 923 2632 negat
944 2523 1123 2605 Christus
1145 2525 1210 2631 jus
1240 2525 1394 2631 regium

247 2637 336 2731 esse,
363 2638 541 2743 graviora
559 2637 764 2743 vectigalia
782 2636 916 2716 liberis
935 2637 1154 2747 imponere,
1181 2635 1288 2716 certe
1308 2635 1394 2746 spo·

246 2746 355 2843 liare,
373 2748 557 2855 diripere,
570 2749 763 2842 occidere,
781 2752 1005 2828 excruciare
1025 2749 1203 2857 proprios
1222 2749 1344 2842 cives,
1356 2766 1395 2828 et

247 2859 457 2968 praesertim
476 2856 718 2954 christianos,
734 2861 798 2966 jus
818 2860 891 2939 esse
911 2861 1067 2966 regium
1086 2858 1215 2939 multb
1235 2859 1394 2939 eviden-

247 2968 326 3051 tii1s
346 2987 475 3078 negat.
536 2971 660 3051 Hunc
680 2973 721 3050 in
741 2972 908 3051 modum
927 2972 976 3050 de
989 2971 1079 3078 jure
1104 2971 1214 3079 regio
1237 2998 1331 3050 cum
1358 2990 1396 3051 et

246 3082 338 3162 alias
363 3081 567 3190 disputasse
587 3084 777 3178 videatur,
802 3084 935 3163 venire
956 3083 995 3161 in
1022 3081 1280 3191 suspicionem
1305 3084 1395 3190 qui·

247 3193 410 3273 busdam
426 3195 561 3302 coepit,
578 3223 655 3275 non
675 3194 712 3273 se
729 3214 984 3302 tyrannorum
1001 3195 1201 3274 licentiam
1221 3222 1294 3304 pro
1307 3195 1395 3302 jure

247 3307 357 3413 regio
371 3304 528 3384 habere.
589 3307 633 3386 N
635 3334 686 3386 on
702 3307 811 3385 enim
826 3308 874 3385 de
894 3305 1020 3385 nihilo
1040 3326 1121 3386 erat
1135 3305 1243 3414 qubd
1256 3305 1399 3387 Phari-

249 3415 308 3495 saei
328 3417 631 3524 interrogatione
651 3416 875 3522 hujusmodi
896 3419 1076 3497 animum
1091 3418 1172 3523 ejus
1189 3437 1394 3514 tentarent,

247 3526 354 3635 qubd
373 3528 422 3608 de
435 3529 524 3634 jure
544 3531 653 3637 regio
673 3531 952 3638 percontaturi,
979 3559 1073 3609 eum
1099 3531 1302 3610 neminem
1324 3559 1396 3611 cu·

247 3667 345 3734 rare,
363 3668 441 3719 non
457 3640 645 3748 respicere
662 3640 865 3748 personam
882 3640 1092 3721 hominum
1107 3641 1304 3736 dixerint;
1327 3670 1396 3722 ne·

246 3778 323 3857 que
339 3751 387 3830 de
403 3751 544 3846 nihilo,
560 3751 668 3860 qubd
684 3753 716 3830 is
731 3753 926 3861 proposita
946 3753 1015 3832 fibi
1031 3751 1247 3834 istiusmodi
1273 3755 1395 3861 quaes·

246 3863 353 3940 tione
368 3861 607 3957 irasceretur,
625 3863 775 3942 Matth.
796 3889 861 3945 22.
910 3866 976 3943 An
994 3884 1031 3945 te
1047 3863 1284 3973 quispiamfi
1304 3866 1393 3945 infi-

245 3970 353 4050 diost
365 3973 541 4080 aggredi,
553 3975 580 4052 fi
593 3974 820 4082 loquentem
836 3994 991 4085 captare
1006 3976 1175 4070 vellet,fi
1190 3977 1333 4056 elicere
1345 4004 1394 4056 ex

247 4100 285 4161 te
305 4085 409 4190 quod
426 4083 555 4164 fraudi
570 4083 749 4165 futurum
767 4086 838 4165 tibi
855 4086 913 4182 s1t,
928 4087 1075 4192 dejure
1090 4089 1199 4195 regio
1215 4087 1284 4167 sub
1303 4116 1393 4196 rege

134 4218 137 4225 ’
246 4195 529 4303 interrogaret?
550 4225 597 4275 an
611 4214 652 4276 tu
667 4200 842 4305 cuipiam
856 4198 905 4278 de
918 4199 1013 4278 istoc
1030 4199 1286 4305 interroganti
1301 4200 1394 4279 iras·

244 4308 404 4385 cerere?
435 4336 513 4386 non
531 4311 686 4417 opinor.
747 4309 823 4388 Vel
843 4308 937 4389 hinc
956 4338 1051 4418 ergo
1072 4310 1294 4419 perspicias,
1315 4338 1394 4392 non

245 4416 287 4496 id
300 4442 393 4496 eum
403 4417 451 4498 de
459 4418 549 4524 jure
563 4422 671 4526 regio
683 4420 827 4499 senfisse
842 4422 949 4528 quod
962 4422 1119 4529 regibus
1128 4439 1392 4529 gratumerat.

245 4529 360 4609 Idem
376 4558 427 4609 ex
442 4529 620 4640 responso
639 4530 720 4635 ejus
735 4530 971 4640 apertiffimd
988 4534 1204 4641 colligitur,
1225 4561 1308 4640 quo
1328 4535 1395 4615 illc

243 4659 530 4749 percontatores
545 4643 751 4723 amandare
764 4641 786 4723 ὲ
798 4643 833 4723 se
849 4642 980 4753 potilrs
992 4643 1112 4753 quim
1127 4645 1269 4725 docere
1284 4647 1395 4727 vide·

245 4770 320 4833 tur.
382 4752 885 4849 Poscitnumismacensus3
906 4754 1026 4862 cujus,
1040 4757 1182 4864 inquit,
1193 4756 1346 4865 imagoi
1372 4788 1396 4838 a
