2888 5204
143 200 164 254 2
170 174 220 282 58
414 165 504 255 Pro
530 157 715 294 Populo
742 155 1012 288 Anglicano

145 338 309 446 quidem
328 334 547 442 frigidulas,
572 334 731 414 tandem
753 335 996 442 impetravit.
1056 334 1107 415 In
1125 333 1271 415 Hellan-

147 450 256 529 diam
275 467 320 529 ut
338 449 459 545 venit,
484 447 532 527 ad
559 444 802 527 salutandum
823 445 1058 527 Salmafium
1081 446 1275 557 profectu,
1317 462 1329 559 ³.

146 561 258 643 domi
271 560 354 666 ejus
369 561 410 639 in
423 560 572 639 Uxoris
584 557 784 651 ancillam,
798 557 864 637 cui
877 557 1030 639 Pontiae
1040 574 1276 651 nomenertt,
1319 578 1329 625 t

148 673 283 755 oculos
294 672 475 780 nequiter
485 670 676 776 conjecit:
698 669 851 778 semper
862 668 972 750 enim
985 672 1027 751 in
1039 671 1279 780 ancillispru-
1321 660 1325 671 ’

148 785 293 866 labitur
304 783 428 864 libido
440 782 627 876 hominis,
642 780 736 860 hinc
747 780 901 862 summa
914 781 1138 864 affiduitate
1152 784 1280 864 Saimt·
1322 798 1328 876 ξ

148 897 248 977 stum
262 896 383 1005 coepit
397 895 540 988 coiere,
556 911 611 988 et,
624 893 778 1001 quoties
793 893 907 973 licuit
918 894 1123 975 Pontiam.
1155 892 1283 975 Nescio
1322 912 1328 962 ³

148 1037 196 1088 an
225 1009 284 1087 ilii
306 1008 588 1088 commoditate
610 1002 784 1086 hominis
807 1022 849 1085 et
869 1004 1126 1088 affentatione
1149 1025 1282 1116 captur,
1321 1028 1328 1076 t

149 1149 198 1200 an
210 1117 278 1200 hic
289 1120 505 1230 optabilem
515 1117 749 1224 excogitaffe
760 1116 797 1198 se
812 1116 1092 1199 conveniendae
1103 1146 1155 1199 eo
1169 1118 1284 1229 sepius

150 1234 298 1313 Pontiae
317 1231 560 1312 occationem
575 1249 694 1324 ratus,
711 1230 819 1338 prior
835 1228 1032 1311 sermones
1050 1230 1231 1337 injecerit
1244 1229 1283 1308 de

149 1342 329 1454 responso
344 1342 527 1423 Miltonii
546 1341 595 1421 ad
611 1340 857 1422 Salmafium.
902 1342 965 1420 Ut
982 1360 1030 1422 ut
1048 1340 1145 1437 fuit,
1159 1343 1284 1423 Morus

150 1455 483 1568 propugnandum
521 1451 678 1562 suscipit
711 1451 969 1533 salmasium:
1007 1455 1066 1536 Et
1093 1454 1283 1535 Salmafius

149 1568 314 1676 quidem
326 1565 617 1672 Theologicam
631 1566 672 1644 in
687 1592 733 1644 ea
748 1564 845 1644 urbe
857 1562 1086 1647 cathedram
1101 1564 1172 1648 sut
1184 1563 1284 1675 opud
1320 1592 1328 1668 t

150 1679 359 1788 pollicetur
372 1677 518 1757 Moror
540 1678 684 1758 Morus
699 1695 739 1757 et
753 1673 856 1756 hanc
870 1695 912 1757 et
923 1677 1031 1759 aliud
1044 1676 1286 1789 insupersnt·
1322 1703 1328 1778 r

150 1790 328 1872 viculum
358 1787 524 1869 furtivos
546 1790 694 1869 Pontiae
717 1786 950 1869 concubitus
977 1788 1194 1899 pollicetur
1214 1786 1285 1871 fibi.
1323 1789 1328 1861 ἒ

152 1904 229 1982 Per
243 1901 399 1983 causam
411 1901 638 1982 consulendi
657 1900 706 1981 de
725 1898 803 1980 hoc
817 1928 936 2011 opere
952 1900 1204 1996 Salmasrum,
1216 1900 1288 1982 die

146 2042 194 2094 ac
213 2017 344 2096 noctes
363 2041 452 2094 eam
471 2013 639 2094 domum
654 2010 892 2121 frequentat.
950 2012 1127 2122 Jamque
1143 2032 1190 2095 ut
1202 2014 1289 2095 olim

151 2128 341 2235 Pyramus
361 2127 402 2205 in
423 2154 598 2218 morum,
624 2125 678 2204 ita
701 2151 807 2204 nunc
826 2143 986 2233 repente
1005 2151 1144 2206 morus
1162 2126 1205 2206 in
1223 2126 1292 2233 Py·

151 2266 309 2318 ramum
330 2237 603 2318 transmutatus
625 2235 696 2316 fibi
712 2236 882 2330 videtur,
902 2236 1144 2318 Geneveusrs
1161 2238 1206 2317 in
1222 2237 1293 2319 Bs-

150 2349 374 2456 bylonium:
391 2345 530 2429 verbm
543 2349 613 2428 illo
620 2348 766 2454 juvene
780 2346 928 2455 quantb
942 2346 1182 2457 improbior,
1193 2346 1294 2431 unu

150 2459 399 2554 fortunatior,
412 2487 516 2540 nunc
529 2457 945 2552 suamThiiben,fadta
957 2457 1027 2540 sub
1040 2460 1296 2543 eodemeeo

152 2573 281 2682 copia,
302 2590 347 2652 ut
361 2572 521 2651 libitum
536 2572 605 2665 est,
624 2571 807 2651 Pontiam
826 2571 1064 2680 alloquitur:
1095 2573 1243 2654 rimam
1259 2573 1297 2653 in
1324 2616 1327 2621 ·

150 2685 298 2793 pariete
313 2684 543 2790 conquirere
557 2711 656 2793 opus
672 2710 751 2762 non
763 2700 869 2763 erat:
901 2683 1078 2792 Spondet
1090 2685 1296 2766 matrimo-

150 2797 288 2876 nium:
318 2796 365 2875 ea
393 2796 459 2904 spe
489 2794 698 2903 pellectam
726 2795 862 2875 vitiat:
892 2794 1114 2904 eodemque
1144 2796 1296 2889 scelere,

150 2905 292 2988 horreo
306 2908 451 2999 dicere,
465 2906 528 2986 sed
538 2906 752 2986 dicendum
764 2905 835 2999 est,
848 2906 1297 3018 SacrosandiEvangelii

150 3019 328 3099 minister
346 3017 581 3129 hospitalem
600 3019 720 3097 etiam
743 3019 911 3099 domum
933 3018 1178 3128 constuprat.
1235 3022 1295 3101 Ex

150 3129 227 3211 hoc
243 3132 407 3212 demum
420 3129 638 3236 congreffu,
651 3129 801 3209 mirum
814 3129 1018 3236 quiddam,
1030 3151 1071 3210 et
1085 3149 1226 3240 praeter
1239 3131 1296 3210 so-

151 3242 269 3323 litum
294 3262 439 3323 naturae
462 3239 733 3351 prodigiosum
755 3241 912 3334 accidit,
937 3258 1045 3321 utet
1070 3241 1239 3323 foemina
1261 3259 1297 3323 et

151 3381 235 3433 mas
251 3355 372 3434 etiam
383 3354 622 3462 conciperet,
631 3353 772 3432 Pontia
786 3354 951 3460 quidem
958 3351 1297 3465 Morillum,quod

151 3484 191 3545 et
212 3467 438 3546 Plinianum
461 3465 762 3544 exercitatorem
781 3465 850 3544 diu
870 3464 1003 3573 postea
1021 3468 1206 3547 exercuit
1222 3462 1295 3547 Sal-

153 3577 341 3657 mafium:
373 3577 516 3656 Morus
531 3604 654 3656 ovum
671 3572 750 3655 hoc
770 3576 927 3656 irritum
947 3594 988 3656 et
1005 3577 1232 3673 ventosum,
1248 3602 1294 3657 ex

152 3714 232 3793 quo
252 3689 489 3797 tympanites
506 3687 575 3768 iste
595 3688 745 3767 clamor
762 3688 863 3794 regii
887 3686 1083 3794 sanguinis
1102 3687 1293 3798 prorupit.

153 3799 275 3906 Qud
289 3799 454 3906 quidem
473 3797 605 3908 primb
623 3800 741 3905 regiis
756 3799 895 3878 nostris
914 3800 957 3877 in
973 3799 1115 3907 Belgio
1129 3800 1296 3882 esurien-

153 3909 257 3990 tibus
277 3929 457 4018 pergrata
485 3909 701 3990 admodum
729 3908 889 3990 sorbitio
918 3908 1021 3990 fuitr
1048 3938 1156 3991 nunc
1184 3930 1296 4105 Ἣ

151 4022 372 4131 putamine,
385 4021 570 4103 vitiosum
590 4049 635 4102 ac
653 4022 860 4131 putridum
876 4049 917 4102 re
970 4039 1078 4103 rtum
1096 4023 1198 4105 adve

152 4154 230 4215 tur.
291 4135 403 4215 Nam
429 4132 572 4214 Morus
598 4132 676 4213 hoc
702 4134 769 4214 suo
792 4132 892 4214 foetu
915 4050 1022 4214 iiud
1047 4135 1297 4217 mediocriter

149 4247 320 4342 inflatus,
336 4265 376 4326 et
388 4246 636 4326 Araufiacam
648 4244 860 4326 factionem
874 4263 998 4326 totam
1018 4242 1296 4329 demeruiffese

148 4358 328 4454 sentiens,
339 4359 424 4465 jam
444 4359 612 4465 integras
628 4357 909 4467 profeffionum
922 4355 1126 4441 cathedras
1140 4357 1209 4471 spe
1223 4360 1297 4441 im·
