2888 5204
144 575 199 683 84
304 528 306 532 Ι
411 565 504 660 Pro
523 557 710 695 Populo
735 542 1004 693 Anglicano
1046 690 1052 698 ι

142 768 262 820 manu
274 738 514 821 conduffitia
531 736 569 818 se
589 756 794 833 tutaretur,
816 738 1010 848 populum
1029 755 1161 818 tamen
1180 736 1292 820 cohi-²

141 851 235 934 bere
254 880 335 933 non
354 852 499 962 potuit,
519 851 616 959 quin
635 849 765 961 ipsum
784 853 906 930 etiam
920 848 1216 944 sacrificantem,
1230 869 1293 931 ut·

142 983 236 1075 pote
256 965 467 1071 indignum
485 992 533 1042 eo
553 989 732 1057 munere,
753 960 889 1070 thyrsis
913 962 1079 1072 palmeis
1098 981 1138 1041 et
1164 964 1294 1044 citreis

143 1074 245 1186 pene
264 1074 470 1171 obrueret;
498 1073 641 1154 exinde
658 1103 728 1184 per
746 1074 976 1155 sexennium
991 1073 1119 1181 gentis
1139 1072 1222 1156 sere
1234 1093 1295 1156 to-

144 1189 223 1269 tius
236 1190 348 1296 gravi
362 1188 467 1268 bello
487 1188 632 1296 petitus
650 1186 729 1282 est;
760 1187 801 1265 in
821 1214 901 1295 quo
921 1187 1150 1292 Judaeorum
1171 1187 1295 1267 multa

145 1300 274 1380 millia
285 1297 380 1381 ciam
392 1298 604 1393 occidisset,
615 1318 655 1378 et
665 1298 772 1409 pacis
784 1299 943 1379 tandem
952 1298 1120 1408 cupidus
1130 1299 1296 1385 interro-

146 1433 257 1520 garet
275 1441 341 1492 eos
360 1411 457 1521 quid
472 1411 619 1491 vellent
637 1407 660 1489 ὲ
680 1408 716 1489 se
729 1409 828 1505 fieri,
844 1410 1124 1520 responderunt
1139 1439 1219 1506 uno
1230 1439 1297 1491 ore

146 1552 300 1619 omnes,
324 1543 369 1604 ut
390 1541 631 1618 moreretur;
663 1525 731 1602 vix
753 1524 875 1603 etiam
900 1541 1057 1602 mortuo
1076 1520 1113 1602 se
1140 1525 1296 1603 veniam

147 1636 320 1718 daturos.
378 1639 497 1716 Hanc
535 1633 739 1715 historiam
773 1634 846 1714 tibi
883 1634 1296 1728 incommodiffimam,

148 1777 310 1857 quoquo
322 1748 442 1829 modo
454 1765 626 1827 avertere
639 1765 683 1825 ut
695 1746 833 1856 poffes,
845 1744 1298 1883 fraudituaeturpiffimae

148 1859 382 1968 pharisaicas
397 1859 583 1967 quasdam
597 1857 843 1938 sententiolas
855 1858 1062 1938 obtendisti
1074 1889 1085 1953 ;
1117 1887 1298 1939 cumex·

149 1971 331 2082 emplum
350 1968 426 2051 hoc
451 1992 518 2050 aut
536 1971 701 2050 omnino
723 1968 1015 2078 praetermififfe,
1034 1990 1102 2050 aut
1121 1999 1224 2066 rem,
1248 1972 1297 2052 fi·
1322 1999 1325 2004 ·

149 2085 233 2162 cuti
251 2083 359 2191 gesta
377 2090 474 2175 erat,
494 2082 662 2162 fideliter
681 2082 842 2163 narraffe
868 2081 1071 2176 debuiffes,
1097 2083 1170 2164 nifi
1189 2102 1299 2165 vete-

149 2215 255 2276 rator
273 2214 313 2275 et
332 2192 532 2301 lucifugus
552 2194 765 2274 mendaciis
788 2191 912 2301 longe·
926 2195 1014 2302 plus
1032 2191 1152 2304 quarn
1179 2196 1298 2276 causa

148 2306 376 2391 confideres.
437 2308 669 2419 Qrinetiam
689 2304 870 2386 Pharisaei
883 2305 944 2385 illi
956 2308 1188 2414 octingenti,
1201 2336 1299 2418 quos

149 2419 191 2499 in
210 2447 370 2500 crucem
398 2419 485 2498 tolli
505 2418 627 2526 judit,
647 2446 697 2497 ex
721 2446 860 2499 eorum
890 2446 1054 2500 numero
1078 2438 1202 2517 erant,
1229 2421 1298 2529 qui

150 2550 284 2612 contra
313 2529 443 2641 ipsum
471 2559 578 2610 arma
607 2548 814 2640 ceperant:
857 2531 1004 2640 quique
1038 2535 1175 2612 omnes
1202 2529 1297 2612 ciam

149 2644 295 2723 caeteris
322 2643 400 2722 una
424 2669 521 2722 voce
544 2643 670 2722 testati
693 2641 796 2736 sunt,
812 2641 849 2720 se
876 2669 1011 2749 regem
1030 2663 1158 2723 morte
1176 2643 1297 2725 affec-

149 2773 257 2834 turos
270 2751 395 2847 fuiffe,
409 2752 552 2834 fibello
565 2755 689 2834 vitius
701 2755 742 2833 in
756 2754 864 2834 suam
879 2756 1110 2864 potestatem
1122 2756 1296 2837 venissen

151 2865 243 2947 Post
267 2866 456 2944 maritum
479 2866 760 2968 ,Alexandrum
782 2867 1007 2946 Alexandra
1036 2895 1205 2975 regnum
1232 2896 1299 2949 ca*

149 2977 285 3088 peffit3
317 2995 362 3056 ut
381 2978 480 3056 olim
502 2975 678 3073 Athalia,
697 3005 775 3058 non
804 2976 997 3087 legitime,
1017 3008 1110 3072 nam
1137 3008 1298 3088 regnare

149 3088 358 3169 foeminam
377 3089 482 3196 leges
504 3118 581 3169 non
609 3090 796 3186 tinebant,
817 3091 924 3200 quod
944 3090 1023 3201 ipse
1042 3092 1163 3173 modo
1184 3091 1299 3175 fassus

149 3229 204 3294 es,
225 3200 289 3281 sed
305 3202 450 3311 partim
464 3202 519 3296 vi,
535 3221 813 3283 extraneorum
824 3204 932 3282 enim
944 3205 1164 3285 exercitum
1177 3206 1298 3286 duce-

149 3312 239 3408 bat;
270 3314 416 3422 partim
435 3313 573 3420 gratia,
589 3342 682 3394 nam
703 3313 925 3408 Pharisaeos,
945 3317 1015 3424 qui
1033 3318 1136 3425 apud
1156 3318 1299 3426 vulgus

148 3423 369 3534 plurimum
398 3444 590 3533 poterant,
621 3426 691 3506 fibi
718 3428 991 3507 conciliaverat
1018 3425 1093 3508 hac
1121 3430 1224 3537 lege,
1254 3449 1299 3510 ut

149 3564 296 3617 nomen
316 3538 474 3646 imperii
494 3565 612 3647 penes
641 3538 767 3632 illam,
786 3540 1001 3648 imperium
1022 3540 1151 3650 ipsum
1179 3569 1299 3651 penes

148 3649 236 3730 illos
256 3647 369 3729 soret.
428 3650 550 3729 Haud
569 3650 682 3730 aliter
701 3669 817 3759 atque
836 3651 941 3761 apud
961 3679 1030 3732 nos
1049 3680 1175 3763 nuper
1192 3655 1300 3734 Scoti

150 3759 367 3869 Presbyteri
382 3787 526 3840 nomen
542 3764 663 3870 Regis
680 3764 825 3844 Carolo
836 3763 1115 3859 concederunt,
1128 3766 1173 3845 ed
1192 3794 1299 3846 mer-

149 3871 244 3951 cede
265 3892 309 3951 ut
335 3897 503 3978 regnum
527 3871 597 3951 fibi
622 3873 810 3955 reservare
838 3875 999 3985 poffent.
1060 3877 1151 3956 Post
1170 3879 1298 3959 Alex·

150 3982 276 4062 andrae
301 3982 457 4062 obitum
483 3983 693 4091 Hyrcanus
716 4005 756 4066 et
782 3987 1030 4068 Aristobulus
1053 3988 1135 4095 ejus
1156 3988 1230 4071 filii
1249 3991 1299 4071 de

149 4121 272 4201 regno
284 4094 549 4190 contendunt;
580 4094 647 4176 hic
658 4098 805 4178 viribus
821 4117 860 4178 et
875 4099 1063 4179 industria
1076 4102 1206 4211 potior
1218 4100 1296 4183 fra-

150 4224 252 4286 trem
268 4225 362 4286 natu
374 4206 564 4311 majorem
580 4236 700 4317 regno
712 4210 839 4319 pellit.
900 4211 1091 4321 Pompeio
1103 4213 1244 4294 deinde
1258 4216 1300 4295 in

151 4318 302 4425 Syriam
322 4315 344 4396 a
363 4315 641 4401 Mithridatico
661 4320 765 4402 bello
779 4321 1009 4418 divertente,
1024 4324 1151 4428 Judaei
1166 4332 1299 4407 nattos

150 4427 280 4533 sejam
292 4429 552 4538 aequissimum
565 4430 752 4514 libertatis
765 4432 837 4513 suae
850 4435 1040 4517 arbitrum
1058 4439 1299 4548 Pompeium

149 4542 237 4634 rati,
265 4542 504 4649 legationem
530 4570 603 4652 pro
629 4543 666 4623 se
693 4547 879 4641 mittunt;
914 4545 1097 4629 fratribus
1124 4550 1301 4661 utrisque

149 4652 306 4760 regibus
326 4655 549 4734 renuntiant
573 4656 620 4737 ad
646 4656 871 4739 servitutem
899 4658 935 4739 se
964 4660 1012 4740 ab
1039 4662 1086 4741 iis
1110 4662 1300 4745 adductos

147 4782 384 4879 queruntur3
416 4766 629 4876 Pompeius
659 4769 931 4867 Aristobulum
957 4799 1081 4882 regno
1103 4777 1299 4885 privavit3
