2888 5204
349 555 741 691 Supplementum
767 554 1040 690 Responsm.
1186 600 1267 681 415

124 734 280 815 raluiffe
299 736 468 842 gratiam
487 738 623 842 gratis,
640 754 684 816 ut
702 737 826 828 aiunt,
844 736 884 815 id
898 737 954 817 est
973 736 1091 816 nullis
1105 738 1270 818 omnino

124 849 274 927 meritis
294 848 371 927 tuis
388 848 536 941 datam,
549 849 669 927 etiam
689 877 739 928 ex
759 849 806 926 iis
809 877 921 955 ,quae
939 850 1070 957 pergis
1088 848 1166 958 ipse
1180 876 1270 928 nar-

124 987 222 1052 rare,
255 957 342 1039 satis
376 958 538 1039 constat
583 959 749 1151 lAdsttnt
773 961 958 1067 Delegati
979 958 1269 1067 Lugdunenses3

124 1070 266 1151 &ccum
284 1067 496 1178 producunt
515 1072 694 1179 oppletum
702 1071 911 1178 saedspmrs
929 1072 1270 1152 criminationibus:

124 1183 212 1263 sartis
226 1182 421 1291 amplum,
434 1185 588 1291 opinor,
603 1184 630 1263 si
644 1204 709 1263 tua
724 1185 858 1262 omnia
873 1183 1021 1291 flagitia
1035 1187 1270 1278 contineret,

124 1313 166 1375 ut
185 1294 386 1373 induendo
403 1295 525 1374 etiam
543 1296 629 1388 tibi,
650 1295 676 1373 fi
694 1295 829 1401 egiffes
857 1293 957 1375 forte
981 1297 1270 1405 poenitentiam,

124 1405 296 1487 sufficere
315 1406 499 1514 potuerit.
563 1409 707 1512 Urgent
719 1407 912 1513 Delegati,
926 1427 969 1488 ut
974 1409 1273 1515 praelegerentur

124 1517 256 1611 rmnr'a,
270 1516 604 1646 quaesecumstrcco
621 1519 681 1598 illo
691 1517 947 1624 gerebantur:
977 1520 1038 1598 vel
1053 1538 1097 1598 ut
1112 1517 1270 1600 latinius

124 1629 295 1723 dixiffes,
308 1628 591 1737 portabantur
580 1658 621 1709 1n
641 1627 813 1722 sacco;
800 1648 877 1709 ate
897 1631 1005 1709 enim
1023 1649 1137 1738 puto,
1158 1658 1271 1737 gere-

124 1741 289 1821 bantur
278 1768 320 1819 1n
333 1740 503 1820 findone.
563 1740 638 1820 Sed
653 1742 799 1847 Synodi
815 1770 902 1850 pars
916 1769 1058 1848 magna
1074 1742 1271 1836 relullari,

124 1849 275 1958 &mosas
292 1851 393 1962 effel
375 1851 478 1933 libell
445 1854 523 1933 llos
584 1854 897 1932 Animadvertite
917 1853 1043 1961 quaeso
1062 1881 1205 1934 novam
1225 1883 1270 1934 ac

124 1964 359 2094 [iugularem
380 1964 565 2070 judicum
590 1966 814 2072 equitatem
844 1984 962 2073 atque
993 1965 1269 2074 prudentiam3

124 2077 194 2185 qui
213 2077 505 2156 criminationes
525 2103 618 2155 cum
640 2076 902 2160 testimoniis
891 2106 932 2155 in
951 2077 1150 2183 judicium
1176 2078 1271 2159 alla·

124 2207 195 2281 tas,
215 2187 461 2295 nequedum
479 2187 682 2296 perlectas,
705 2207 892 2295 tanquam
916 2186 1082 2269 famosos
1101 2189 1270 2284 libellos,

124 2299 352 2406 rejiciendas
371 2301 445 2379 effe
464 2301 720 2379 contendunt.
771 2301 933 2378 Horum
945 2302 1041 2380 vicit
1055 2300 1268 2381 sententia:

124 2413 297 2492 excurrit
308 2410 515 2491 confestim
530 2439 630 2490 unus
644 2439 797 2503 eorum,
810 2411 1120 2518 gratulabundus
1132 2413 1270 2507 Moro,

124 2543 163 2603 et
181 2522 486 2630 bonumfallum,
507 2522 654 2631 inquitr
685 2522 780 2602 nilail
795 2541 926 2602 contra
944 2542 981 2603 te
1000 2524 1157 2629 legetur.
1208 2526 1271 2602 En

123 2637 272 2715 iterum
300 2635 449 2715 severos
471 2634 645 2740 judices!
676 2663 846 2742 quorum
876 2634 1062 2716 sententia
1091 2637 1132 2714 in
1160 2635 1272 2714 Mori

124 2747 292 2854 gratiam
307 2746 358 2827 fic
373 2744 581 2827 manifesto
597 2746 672 2825 lata
686 2746 754 2839 est,
768 2765 812 2825 ut
827 2774 926 2826 uuus
942 2775 1081 2826 eorum
1097 2749 1178 2855 pati
1193 2774 1272 2825 nou

124 2858 248 3049 poffet
266 2860 364 2965 quin
384 2886 434 2937 ex
456 2857 536 2967 ipso
555 2858 708 2963 judicio
727 2859 775 2937 de
795 2857 884 2938 sella
911 2859 1117 2968 profiliret,
1136 2876 1271 2965 gratu-

135 2988 251 3051 atum
286 2998 366 3049 reo.
427 2969 575 3049 Puduit
606 2971 775 3049 Morum
807 2969 937 3079 ipsum
970 2989 1051 3049 tam
1084 2971 1272 3050 diffolutae

124 3081 346 3162 sententia:
378 3080 596 3189 perturbari
608 3079 739 3160 deuud
755 3080 791 3161 se
804 3083 972 3174 fimulat,
985 3102 1025 3161 et
1038 3082 1137 3188 aegrd
1153 3080 1270 3177 ferre,

124 3221 206 3274 uon
223 3192 375 3321 perlegi
395 3192 462 3272 illa
481 3193 683 3272 volumina
709 3194 924 3273 criminum
949 3193 1122 3274 suorum.
1184 3194 1272 3272 Ob·

124 3304 300 3432 jurgatus
329 3306 460 3412 itaque
489 3305 613 3384 bonus
642 3303 709 3382 ille
728 3306 861 3407 Judex
887 3323 928 3383 et
953 3305 1092 3383 acriter
1116 3305 1164 3383 ab
1189 3304 1272 3413 ipso

124 3444 191 3497 reo
223 3416 451 3525 increpitus,
482 3416 627 3495 redit
617 3443 659 3493 in
692 3436 868 3509 coetum;
903 3413 1125 3523 caeterlsque
1154 3412 1271 3494 facile

124 3526 343 3637 persuadet,
376 3547 422 3606 ut
455 3527 605 3607 mutati
639 3528 768 3634 priore
807 3477 994 3606 sedtentid
1027 3526 1271 3655 statueretur,

124 3641 259 3720 omnia
280 3639 444 3746 legenda
463 3638 550 3720 effe.
608 3639 667 3717 At
685 3638 791 3732 vero,
812 3667 898 3747 quae
921 3637 983 3717 isti
1002 3638 1164 3740 Judices
1189 3639 1272 3746 pri·

124 3748 243 3831 mirm
258 3750 423 3856 legenda
438 3778 515 3830 non
533 3749 621 3842 effe,
634 3751 682 3828 ad
698 3750 903 3830 arbitrium
918 3749 1058 3829 deinde
1072 3750 1164 3843 Rei,
1176 3774 1273 3829 con·

124 3861 240 3942 versis
262 3861 400 3941 eadem
427 3859 524 3941 hori
553 3862 764 3956 sententiis,
796 3861 961 3969 legenda
987 3860 1060 3940 effe
1088 3861 1273 3941 decreve-

123 3992 228 4066 rant,
238 3973 329 4052 de
303 4001 351 4053 ns
368 3973 527 4053 tandem
546 3973 729 4101 perlectis
741 4002 862 4082 quam
882 4000 959 4052 non
978 3972 1124 4052 attente
1128 4000 1274 4080 ,quam

124 4111 204 4165 nou
225 4082 368 4177 severd,
388 4113 507 4192 quam
528 4085 729 4193 denique
719 4112 759 4164 ru
779 4113 892 4164 reum
911 4112 1103 4193 propense
1085 4084 1274 4187 judica·

124 4197 267 4289 verint,
288 4196 489 4275 intellectu
510 4195 670 4275 difficile
696 4224 775 4275 nou
801 4197 871 4276 est
932 4195 1273 4302 Consurguntju-

124 4306 254 4402 dices;
285 4336 399 4387 reum
434 4308 656 4416 frequentes
689 4307 859 4401 adeunt;
895 4308 1200 4416 amplel‘luntum
1235 4328 1275 4387 et

124 4446 192 4499 cur
180 4419 344 4528 palam
363 4419 484 4499 modo
503 4418 783 4526 gratificari,
749 4447 786 4497 er
813 4446 918 4499 nunc
936 4418 1068 4527 aperte
1088 4418 1275 4527 gratulari

124 4558 208 4611 nou
234 4530 428 4611 dubitant.
490 4536 731 4670 Qanquam
759 4557 834 4637 ego
854 4533 895 4610 in
915 4527 991 4610 hoc
1019 4548 1101 4610 toto
1121 4529 1275 4634 judicio

126 4668 209 4722 non
230 4661 312 4723 tam
329 4644 456 4738 Mori,
470 4672 591 4752 quam
611 4641 692 4747 ejus
712 4642 882 4751 personae
901 4662 1019 4749 atque
1039 4640 1186 4720 ordinis
1206 4639 1275 4719 ha·

124 4753 254 4835 bitum
273 4754 346 4834 effe
366 4756 561 4835 rationem
574 4753 824 4834 crediderim
885 4752 1030 4860 Synodi
1047 4749 1179 4860 praeses
1196 4751 1276 4860 ipse
