2888 5204
315 591 496 684 Contra
521 584 846 686 Alexandrum
870 592 1261 711 Morum361

124 758 169 838 de
189 761 420 842 mendaciis
477 761 760 871 Alterumrss,
750 764 895 870 mquis,
913 763 1147 843 authorem
1105 762 1192 955 ose
1212 791 1269 844 me

124 868 223 969 iibri,
241 900 302 953 cui
298 872 469 967 titulus,
491 875 643 954 Clamor
647 874 847 980 sanguinis
863 876 986 982 Regii.
1034 878 1113 986 Q
1172 903 1267 956 cum

124 1008 196 1089 ego
215 1010 354 1064 verum
373 983 446 1064 effe
466 983 694 1065 firmisfimis
714 986 977 1066 testimoniis
961 1013 1046 1093 Jam
1066 983 1178 1095 sopri
1197 987 1268 1067 de·

124 1093 556 1204 monstraverim,tsque
567 1097 672 1177 rlhus
681 1096 1035 1178 hbncertrffimum
1046 1117 1268 1179 curatorem

124 1223 237 1314 atque
252 1208 461 1302 editorem,
474 1209 657 1288 omnium
670 1208 759 1313 J‘ure
774 1209 955 1315 gentium
971 1228 1011 1288 et
1025 1209 1178 1316 legibus
1195 1238 1268 1318 pro

124 1315 304 1398 Authore
317 1316 544 1399 habendum
555 1318 644 1413 effe,
659 1317 831 1428 sequitur
850 1338 895 1399 ut
913 1348 1000 1428 quae
1012 1347 1092 1400 mer
1081 1319 1270 1401 fallendi

124 1426 246 1537 spe
206 1456 323 1511 nixus
339 1428 417 1510 hoc
436 1430 525 1510 loco
540 1428 780 1561 vociferaris,
792 1431 900 1539 quafi
915 1429 1057 1511 author
1068 1459 1145 1511 non
1159 1433 1267 1529 esses,

124 1541 273 1620 tametfi
293 1541 449 1622 infirma
467 1569 538 1649 per
557 1541 609 1635 se,
629 1560 747 1651 atque
764 1544 893 1622 inania
917 1542 1018 1636 sunt,
1047 1570 1151 1623 nunc
1174 1542 1267 1624 sun·
1342 1605 1345 1610 -

124 1650 307 1733 damento
320 1653 388 1733 illo
401 1652 532 1733 fallaci
544 1653 718 1747 subruto,
732 1654 796 1734 sut
811 1654 944 1763 sponte
958 1672 1141 1734 corruant
1151 1675 1269 1763 atque

124 1761 338 1845 subsidant:
369 1761 562 1872 s1mrisque
583 1785 627 1845 ut
645 1784 776 1845 totum
795 1764 895 1845 illud
914 1766 1178 1906 mendacium,
1200 1767 1269 1846 illa

124 1877 251 1956 omnis
268 1877 472 1971 temeritas,
492 1876 790 1986 imprudentia,
773 1878 995 1971 immanitas,
1015 1877 1093 1986 qua
1113 1906 1178 1958 me
1198 1905 1269 1988 per

124 1985 318 2067 summam
338 1987 625 2097 impudentiam
640 1985 733 2068 hinc
752 2017 901 2083 oneras,
917 1990 959 2068 in
979 1987 1147 2098 teipsum
1167 1991 1269 2070 reci·
1321 2072 1326 2083 ,

124 2098 202 2178 dat.
243 2100 572 2179 Exclamantem
561 2120 693 2208 itaque
709 2119 749 2180 et
764 2098 975 2208 frigentem
991 2120 1031 2181 et
1044 2120 1112 2181 tuo
1128 2100 1270 2210 laqueo

124 2209 377 2318 impeditum,
399 2231 437 2291 te
458 2208 524 2290 htc
544 2232 753 2322 praetereo:
783 2238 907 2319 nugas
926 2231 1060 2291 autem
1083 2214 1270 2320 quasdam

124 2340 207 2402 tuas
227 2322 305 2402 fine
325 2323 402 2403 risu
419 2349 499 2402 non
515 2322 695 2431 possum3
726 2350 797 2431 per
811 2351 906 2431 quas
922 2320 1074 2403 acutius
1094 2343 1134 2402 et
1153 2324 1270 2403 mise-

124 2430 283 2515 rabiliiss
306 2434 525 2515 exclamare
551 2453 590 2514 te
593 2454 737 2563 putas
796 2437 900 2514 Nam
926 2435 1064 2527 licet,
1053 2437 1200 2542 inquis,
1225 2463 1271 2514 ea

124 2544 278 2624 crimina
297 2575 380 2655 quae
399 2547 437 2626 in
451 2575 507 2625 me
519 2544 666 2650 conjicis
680 2574 775 2625 vera
787 2545 910 2655 effent,
923 2565 1044 2626 tamen
1063 2563 1193 2626 contra
1200 2544 1272 2652 jus

124 2673 158 2735 t
160 2655 240 2762 fas
258 2686 356 2737 omne
375 2657 471 2766 effet,
478 2657 584 2784 ‘quod
598 2656 768 2738 nullius
751 2686 789 2737 ιιι
808 2687 871 2738 nos
889 2656 1132 2737 authoritatis
1133 2657 1270 2768 ,-quod

124 2765 206 2847 dam
220 2767 394 2848 tribunal
375 2769 557 2862 lexcitas,
570 2769 840 2849 criminationes
848 2767 960 2878 publ
943 2798 996 2848 tce
982 2768 1173 2878 spargis
1203 2771 1271 2848 An

124 2877 245 2959 nescis
261 2907 371 2987 ergo,
390 2879 602 2960 hominum
621 2881 871 2989 ineptissime,
888 2881 995 2960 idem
1008 2879 1086 2960 hoc
1101 2881 1271 2960 tribunal

124 2989 213 3085 effe,
229 2992 395 3071 eandem
408 2992 541 3071 sellam
553 3011 670 3100 atque
687 2989 1007 3085 authoritatem,
991 3019 1055 3098 Jus
1076 2993 1182 3072 idem
1194 2993 1273 3071 cri-

124 3103 303 3183 minandi
322 3123 362 3183 et
380 3103 600 3209 judicandi,
624 3103 732 3211 quod
751 3131 826 3211 ego
846 3104 971 3182 vestro
990 3100 1168 3213 primum
1187 3104 1271 3183 sal-

124 3214 259 3309 mafio,
290 3243 387 3294 mox
415 3215 633 3294 Clamatori
659 3215 790 3323 Regio
817 3213 1038 3294 defensrone
1063 3215 1271 3321 justiffima

124 3325 278 3434 eripui?
298 3326 469 3405 vestrum
484 3353 560 3433 ego
575 3353 680 3406 nunc
695 3328 927 3435 exemplum
943 3344 1059 3432 atque
1073 3326 1271 3454 judicium

124 3437 165 3516 in
180 3465 249 3516 vos
264 3457 465 3531 converto,
480 3437 634 3516 vestro
618 3461 707 3542 Jure
724 3457 835 3566 utor3
866 3437 1036 3516 vestrum
1051 3436 1179 3546 ipsum
1200 3439 1271 3516 tri-

124 3547 260 3641 bunal,
276 3549 398 3629 vestra
418 3548 607 3642 subsellia,
624 3578 710 3656 quae
729 3550 770 3626 in
790 3575 860 3628 nos
878 3547 1050 3657 parastis,
1071 3549 1120 3627 de
1139 3548 1272 3628 vestris

124 3677 262 3768 erepta
277 3659 483 3740 manibus
472 3688 512 3739 m
532 3687 600 3740 vos
612 3658 818 3765 justiffime
837 3659 1000 3739 statuo.
1032 3657 1219 3752 Deinde,
1208 3687 1271 3738 rn-

123 3771 230 3879 quis,
259 3771 405 3875 tametſs
428 3770 522 3851 libri
536 3773 673 3850 author
699 3770 799 3850 illius
824 3769 938 3879 affem,
963 3799 1033 3849 non
1053 3769 1126 3850 tibi
1151 3788 1274 3851 tamen

124 3900 312 3989 integrum
314 3882 449 3991 fmffi'i
467 3901 522 3963 tot
527 3882 733 3988 scommata
751 3882 848 3961 nihil
829 3881 910 3961 lad
920 3881 1107 3992 caustamp
1108 3883 1272 3962 ertinen-

124 3994 181 4073 tia
199 3993 289 4074 huic
299 4011 502 4103 propinare
507 3994 663 4100 saecu
710 3993 868 4087 Videte,
888 3993 1028 4101 quaeso,
1048 3995 1273 4101 aequitatem

124 4101 325 4185 hominis.
358 4103 442 4185 Sibi
461 4125 501 4184 et
515 4105 700 4184 Salmasro
715 4105 832 4184 licere
847 4107 933 4183 vult
951 4106 1100 4232 omnia,
1119 4107 1273 4186 calum-

127 4216 224 4308 nias,
242 4217 461 4310 mendacia,
476 4216 757 4311 contumelias;
789 4214 901 4294 nobis
920 4243 1010 4295 vera
1031 4217 1071 4294 in
1090 4216 1177 4297 illos
1196 4220 1273 4297 cri-

126 4328 236 4406 mina
269 4346 508 4456 retorquere,
540 4327 647 4435 quasr
679 4326 727 4405 ad
760 4325 914 4405 causam
956 4327 1102 4407 scilicet
1142 4326 1275 4409 minim

125 4439 376 4547 pertinentia,
400 4466 479 4518 non
507 4440 655 4519 licebit.
716 4436 815 4516 Sane
838 4438 910 4546 qui
932 4465 1006 4531 res,
1031 4437 1274 4547 rationesque

124 4576 259 4630 rerum
272 4555 377 4631 resto
386 4550 538 4656 judicio
551 4550 763 4659 ponderare
780 4549 917 4642 solent,
933 4576 1011 4628 non
1027 4548 1165 4628 dubito
1177 4552 1275 4657 quin

124 4688 286 4741 mecum
306 4661 485 4756 sentiant,
501 4660 602 4740 nihil
621 4658 893 4740 vehementius
913 4660 962 4739 ad
977 4659 1131 4739 causam
1150 4663 1275 4769 perti-

124 4799 234 4867 nere,
254 4801 375 4881 quam
390 4772 500 4883 quali
517 4774 605 4882 quis
624 4773 704 4853 vita
717 4791 834 4880 atque
855 4758 1030 4852 moribus
1045 4772 1089 4851 srt
1101 4773 1171 4880 qui
1187 4801 1276 4854 eam
