2888 5204
424 502 428 509 -
496 545 736 650 Defensio
776 555 894 685 Cap·
917 588 964 679 9·
1225 567 1300 672 163

141 740 186 801 et
205 723 294 804 aliis
313 724 424 820 citas,
448 726 606 835 Angliae
624 754 779 833 regnum
801 726 1002 833 absolutum
1026 725 1074 832 ςβ
1097 724 1300 834 impertiens,

143 834 188 913 id
209 836 266 915 est
287 837 316 917 fi
335 839 384 917 ad
404 839 534 918 ullum
550 866 686 947 regem
702 858 925 934 externum,
943 857 1011 918 aut
1028 838 1219 917 Caesarem
1240 866 1301 915 re-

145 944 307 1054 spicias,
329 950 405 1044 vel,
423 951 728 1059 utCambdenus
740 951 810 1043 ait,
824 949 911 1060 quia
926 951 964 1030 in
979 949 1126 1058 inperii
1133 950 1302 1030 clientela

144 1087 219 1139 non
238 1059 315 1168 est:
344 1061 495 1170 alioqui
514 1062 647 1168 adjicit
671 1082 837 1169 uterque
861 1064 1076 1172 imperium
1103 1060 1180 1142 hoc
1204 1088 1301 1140 con-

147 1170 279 1252 sistere
298 1200 378 1254 non
397 1203 443 1254 ex
461 1203 548 1281 rege
562 1175 657 1268 solo,
679 1174 741 1255 sed
761 1203 806 1253 ex
821 1193 970 1283 corpore
978 1170 1140 1284 politico.
1180 1174 1300 1254 Unde

147 1282 184 1362 F
184 1283 431 1379 ortescutius,
446 1287 480 1365 F
481 1287 618 1367 ortesc.
633 1288 681 1366 de
701 1285 807 1366 laud.
822 1287 957 1395 legum
973 1287 1096 1396 Angl.
1111 1314 1146 1366 c.
1162 1314 1202 1392 9.
1216 1313 1300 1380 rex,

145 1394 297 1502 inquit.
317 1399 474 1505 Angliae
493 1398 689 1509 populum
707 1397 900 1506 gubernat
918 1427 987 1480 non
1005 1428 1108 1479 mera
1123 1398 1301 1506 potestate

145 1507 273 1615 regia,
279 1506 357 1615 sed
363 1510 543 1619 politica;
564 1512 723 1621 populus
736 1513 829 1591 enim
848 1511 894 1590 iis
912 1510 1051 1618 legibus
1065 1511 1303 1618 gubernatur

143 1648 242 1730 quas
254 1619 334 1730 ipse
347 1620 436 1702 fert.
496 1625 691 1704 Externos
703 1621 780 1703 hoc
794 1623 914 1702 etiam
929 1623 1132 1732 scriptores
1152 1650 1229 1701 non
1244 1622 1301 1700 la·

145 1731 272 1812 tebat.
314 1734 426 1813 Hinc
443 1733 651 1844 Philippus
668 1736 894 1815 Cominaeus
905 1732 1046 1814 author
1059 1734 1301 1842 graviffimus

145 1847 528 1927 commentariorum
542 1849 683 1955 quinto
698 1877 708 1927 ι
730 1848 829 1927 inter
843 1847 961 1927 omnia
976 1845 1073 1929 orbis
1083 1864 1201 1926 terra
1214 1875 1301 1953 reg·

144 1985 216 2050 na,
232 1985 386 2067 quorum
399 1987 463 2066 ego
482 1960 649 2040 notitiem
668 1959 792 2054 labeo,
812 1989 881 2040 non
900 1958 949 2067 ςβ
966 1958 1047 2038 med
1065 1956 1205 2069 quidem
1208 1958 1302 2064 sen·

144 2068 287 2163 tentr'd,
303 2067 562 2180 ubipublicum
574 2069 794 2153 moderatirls
804 2073 1008 2164 tralletur,
1021 2100 1133 2182 neque
1145 2071 1211 2151 ubi
1221 2070 1306 2178 regi

144 2180 271 2261 minus
288 2182 401 2262 liceat
417 2182 457 2263 in
476 2185 667 2294 populum,
691 2183 801 2294 qulm
820 2184 859 2264 in
878 2183 1038 2290 Anglia.
1099 2181 1302 2263 Postremd

144 2291 349 2375 ridiculam
360 2294 422 2402 est,
436 2294 581 2405 inquis,
597 2313 869 2403 argumentum,
882 2294 979 2405 quod
988 2295 1169 2403 czffarunt,
1183 2323 1302 2400 regna

145 2424 239 2487 ante
256 2405 441 2515 regesfui
464 2437 497 2502 e,
517 2408 622 2517 quast
636 2407 738 2490 dicas
756 2409 870 2488 lucem
889 2426 976 2489 ante
996 2406 1110 2487 Solem
1130 2405 1299 2515 extitisti.
1396 2423 1398 2427 ’

147 2518 307 2613 Atros,
319 2519 345 2599 ὂ
359 2518 462 2599 bone
474 2522 548 2614 vir,
563 2548 641 2599 non
658 2548 793 2629 regna,
806 2521 869 2600 sed
881 2520 1077 2629 populum
1091 2537 1179 2597 ante
1193 2545 1302 2625 reges

147 2627 265 2710 fuiffe
287 2631 472 2711 dicimus.
532 2633 668 2741 Qem
691 2633 852 2713 interim
875 2650 914 2712 te
939 2633 1064 2740 magis
1088 2631 1302 2711 ridiculum

147 2742 375 2852 dicam,qui
386 2745 517 2824 lucem
528 2744 757 2825 anteSolem
766 2743 1059 2853 extitilse,quas1
1072 2743 1301 2836 ridiculum,

147 2880 283 2962 negas.
343 2856 403 2936 Ita
422 2857 519 2935 dum
539 2857 579 2935 in
600 2857 735 2937 alienis
750 2855 923 2937 curiosus
935 2855 1008 2935 elle
1024 2856 1096 2949 vis,
1109 2855 1305 2935 clementa

146 2965 336 3047 didicisti.
395 2968 557 3050 Miraris
576 2970 762 3077 denique,
782 2969 923 3078 eosqui
941 2997 1062 3076 regem
1088 2966 1126 3047 in
1150 2967 1303 3048 comitiis

145 3078 263 3187 regni
276 3075 454 3160 vrilerunt
466 3079 560 3186 solio
575 3080 776 3187 sedentem,
786 3080 864 3187 fieb
882 3110 993 3160 aureo
1009 3097 1046 3160 et
1057 3078 1181 3186 strico
1200 3080 1301 3173 calo,

139 3190 300 3302 potuff
319 3191 356 3273 in
375 3190 523 3273 dubium
547 3223 682 3274 vocare
706 3213 833 3275 utrum
850 3208 962 3299 penes
979 3220 1100 3298 regem
1122 3222 1172 3271 an
1192 3209 1303 3299 penes

151 3305 439 3385 Parlamentum
454 3298 628 3415 majestas
641 3306 714 3411 stt.
774 3305 1002 3385 incredulos
1025 3301 1203 3413 profecto
1229 3301 1303 3383 ho-

151 3416 280 3496 mines
299 3440 444 3508 narras,
464 3445 563 3606 (ppos
578 3435 659 3497 tam
676 3416 856 3497 lucidum
875 3434 1154 3523 argumentum
1167 3413 1188 3494 ὲ
1202 3415 1303 3495 coelo

151 3525 239 3639 ipso
251 3527 427 3636 petitum
437 3529 478 3607 ni
511 3529 539 3606 il
558 3530 697 3608 movit.
729 3528 850 3638 Qod
868 3548 954 3608 tum
972 3527 1119 3608 coelum
1139 3554 1302 3607 aureum

149 3636 278 3720 homo
296 3639 439 3719 sto'r‘cus
454 3639 553 3719 aded
564 3669 605 3720 es
620 3640 800 3748 religiose
815 3660 855 3721 et
871 3639 985 3720 unice
999 3636 1301 3746 contemplatus,

151 3769 199 3832 ut
218 3769 259 3831 et
276 3751 367 3831 coeli
381 3751 553 3832 Mosaici
572 3772 612 3833 et
630 3753 871 3833 Aristotelici
890 3752 1034 3832 oblitus
1054 3750 1127 3831 effe
1147 3750 1303 3859 penitus

149 3863 333 3943 videare:
363 3892 457 3943 cum
478 3865 519 3943 in
536 3863 606 3944 illo
625 3865 740 3944 lucem
759 3884 847 3945 ante
867 3865 982 3944 Solem
997 3862 1164 3973 exstitffl
1183 3889 1303 3971 nega·

149 3976 269 4070 veris,
289 3975 330 4054 in
350 3972 427 4056 hoc
447 3995 523 4056 tres
540 3978 670 4057 Zonas
694 3995 927 4086 temperatas
950 3976 1023 4054 else
1047 3977 1161 4086 supra
1180 3976 1303 4055 docu-

150 4089 242 4170 eris.
303 4089 564 4198 Qot‘Zonas
579 4090 620 4169 iu
636 4088 706 4169 illo
725 4091 828 4197 regis
847 4115 965 4168 aureo
990 4107 1029 4167 et
1058 4089 1178 4168 serico
1202 4088 1304 4168 coelo

149 4199 430 4295 observaveris,
449 4201 604 4281 nescio:
635 4197 713 4280 hoc
736 4199 828 4295 scio,
845 4219 882 4280 te
895 4201 1051 4280 Zonam
1070 4227 1190 4280 unam
1209 4227 1303 4279 cen-

150 4332 242 4395 tum
260 4311 381 4392 stellis
398 4313 524 4392 aureis
541 4313 640 4392 benc
654 4330 913 4423 temperatam
925 4340 975 4393 ex
993 4312 1061 4392 illa
1077 4333 1141 4393 tua
1157 4311 1304 4392 coelcsti

149 4423 488 4534 contemplatione
508 4422 713 4506 abstuliffe.
