2888 5204
141 187 222 266 266
422 174 514 266 Pro
540 166 726 303 Populo
751 162 1029 298 Anglicano

142 346 249 426 aliud
266 344 433 425 omnino
450 372 585 453 agens,
606 344 800 424 Romanis
818 342 1024 425 moemisus
1042 342 1185 436 averti;
1208 366 1263 421 nur
1305 382 1309 429 :

141 485 242 538 unus
267 455 445 566 profesto
466 456 726 537 cardinalatus
750 452 855 536 mihi
884 454 968 536 hoc
989 455 1156 537 nomine
1173 454 1266 535 debe·
1307 472 1309 477 ⁴

142 568 273 649 bitur:
302 597 452 664 vereor,
473 596 523 650 ne
542 567 722 649 transsato
740 568 783 647 in
799 594 867 647 me
885 594 1036 676 regum
1060 594 1186 677 nuper
1202 560 1267 645 uus·

143 700 296 761 trorum
318 682 450 776 titulo,
475 679 671 762 Defensor
697 678 793 759 fidei
821 678 872 759 ab
896 678 1093 761 Romano
1109 676 1268 760 Pontius

141 793 397 903 appellandus
412 793 499 873 sim.
558 793 714 873 Videtis
733 812 904 900 quantus
921 791 1088 872 invidiae
1101 788 1268 872 artiserit

142 933 208 984 me
223 906 476 999 concitanda,
491 903 696 986 Salnnfius
716 902 860 984 fuerit:
879 901 1026 984 verium
1042 904 1129 1014 ipse
1142 900 1269 993 viderit»
1307 924 1309 929 '

140 1018 214 1125 qui
228 1037 312 1098 tam
330 1016 490 1097 honesta
509 1017 712 1126 provincia
731 1017 901 1124 turpiter
924 1016 1083 1111 relidia,
1104 1008 1268 1097 alienisss
1304 1027 1308 1041 '

140 1129 409 1211 controversiis
430 1127 703 1223 immiscuerit,
718 1127 768 1209 ab
780 1128 964 1209 Ecclefiae
977 1126 1112 1222 cause,
1130 1126 1179 1207 ad
1194 1122 1268 1205 ciri·
1304 1140 1309 1153 '

143 1242 201 1324 les
214 1261 256 1323 et
268 1261 463 1335 externas,
478 1268 648 1349 quarum
666 1240 734 1321 sua
747 1238 849 1319 nihil
863 1242 1069 1335 intererat,
1084 1238 1123 1321 se
1136 1236 1268 1325 nudus

142 1355 242 1436 erite
262 1382 356 1434 cum
369 1354 477 1463 Papa
490 1355 666 1434 inducias
684 1350 836 1445 fecerit,
856 1369 898 1432 et
910 1352 1022 1461 quod
1039 1350 1267 1432 foediffimuu

143 1464 235 1559 fuit,
263 1493 358 1546 curn
378 1464 598 1574 Episcopis,
626 1463 713 1577 post
739 1463 892 1545 bellum
917 1462 1216 1574 apertiffimum,
1239 1460 1268 1539 it

143 1579 311 1683 gratiam
330 1577 504 1656 redierit.
563 1576 780 1656 Veniamus
801 1603 907 1656 nunc
925 1576 975 1656 ad
994 1603 1089 1657 mee
1106 1573 1265 1663 crimino

143 1689 249 1767 estne
266 1688 374 1796 quod
398 1689 439 1767 in
457 1689 540 1768 vita
564 1707 633 1769 aut
656 1688 833 1769 moribus
856 1685 1147 1798 reprehendat?
1175 1678 1266 1765 eod
1304 1696 1309 1711 '

143 1797 270 1879 nihil:
300 1800 398 1908 quid
417 1803 541 1906 ergo?
569 1800 678 1911 quod
698 1827 817 1880 nemo
836 1800 907 1879 nisi
926 1800 1131 1894 immanis,
1146 1796 1265 1879 acher

145 1912 260 1992 barus
276 1910 438 2007 fecisset,
453 1911 627 1993 formam
645 1910 749 1993 mihi
767 1940 812 1992 ac
828 1912 1046 1993 caecitatem
1063 1910 1236 2019 objedat
1304 1949 1309 1965 ·

261 2086 486 2193 Monstrum,
506 2084 741 2180 horrendum,
760 2085 928 2193 itfforme,
950 2084 1095 2193 ingens,
1120 2081 1186 2166 cui

540 2198 660 2278 lumen
677 2196 896 2308 ademptum.

146 2364 369 2468 Nunquam
388 2360 661 2442 existimabam
681 2362 869 2471 equidem
891 2360 993 2455 fore,
1017 2381 1065 2444 ut
1081 2360 1132 2442 de
1150 2357 1267 2445 form,

144 2501 239 2553 cum
260 2472 438 2582 Cyclope
458 2493 658 2554 certamen
677 2472 780 2554 mihi
800 2473 915 2568 esset;
946 2469 1090 2554 vetum
1108 2464 1269 2553 statimse

145 2603 314 2665 revocat.
372 2586 594 2694 Quaquam
617 2615 683 2668 nec
706 2587 846 2693 ingens,
874 2615 942 2694 quo
964 2584 1063 2665 nihil
1078 2584 1130 2693 est
1147 2582 1268 2671 exilius,

141 2695 377 2803 ercsrznguius,
394 2699 636 2777 contraditas.
694 2696 869 2778 Tametsi
888 2698 1022 2776 virum
1037 2696 1142 2776 nihil
1155 2694 1270 2776 attinet

144 2810 193 2888 de
213 2808 342 2889 forma
360 2808 505 2903 dicere,
522 2829 653 2891 tamen
669 2810 828 2918 quando
846 2806 913 2888 hic
927 2835 1088 2919 quoque
1103 2809 1175 2904 est,
1189 2803 1271 2887 uude

143 2922 285 3030 gratias
304 2922 396 3017 Deo
415 2948 546 3028 agam,
567 2940 607 3002 et
625 2922 833 3003 mendaces
853 2920 1102 3029 redarguam,
1120 2919 1172 3001 ne
1188 2915 1272 3027 quia

144 3034 270 3142 (quod
282 3032 554 3142 Hispanorum
567 3032 710 3141 vulgus
725 3039 775 3114 de
795 3032 999 3128 haereticis,
1015 3058 1117 3141 quos
1137 3044 1272 3119 vocant·

144 3147 232 3253 plus
251 3146 377 3225 nimio
397 3146 669 3226 Sacerdotibus
689 3145 764 3226 suis
781 3143 987 3225 credulum
1006 3145 1209 3255 opinatur)
1224 3163 1274 3221 me

141 3256 243 3338 forte
257 3256 586 3366 Cynocephaium
598 3259 843 3366 quempiam,
858 3275 926 3337 aut
938 3255 1208 3339 Rhinocerota
1217 3248 1275 3333 effe

145 3387 271 3480 putat,
302 3369 448 3448 dicam.
507 3368 712 3449 Desormis
741 3369 905 3477 quidem
935 3366 958 3446 ὲ
983 3370 1160 3463 nemine,
1186 3359 1276 3476 quod

144 3482 278 3573 sciam,
290 3481 362 3589 qui
377 3479 497 3560 modo
510 3509 576 3560 me
590 3481 705 3575 vidit,
719 3480 804 3563 sum
819 3507 995 3587 unquam
1009 3477 1192 3575 habitus;
1213 3476 1278 3559 sot·

146 3590 276 3672 mosus
294 3618 431 3685 necne,
455 3589 588 3673 minus
608 3592 758 3688 laboro,
785 3592 929 3672 staturd
953 3589 1079 3672 fateor
1100 3619 1183 3671 non
1209 3588 1279 3669 sum

145 3702 331 3813 proceri:
362 3701 426 3782 sed
444 3731 531 3811 quae
550 3705 741 3785 mediocri
756 3724 887 3785 tamen
910 3701 1032 3811 quam
1050 3730 1182 3812 parvae
1202 3726 1280 3812 pto·

144 3815 234 3925 pior
249 3814 318 3892 s1t:
350 3813 414 3893 sed
436 3817 580 3923 quidsi
608 3816 738 3925 parvi,
751 3817 829 3925 qud
848 3834 888 3895 et
908 3816 1054 3895 summi
1078 3814 1179 3924 saepe
1205 3834 1278 3895 turn

145 3952 241 4036 pace
256 3942 344 4004 tum
363 3925 468 4004 bello
489 3927 564 4006 viri
583 3927 707 4024 fuere,
726 3955 953 4037 quanquam
969 3955 1088 4045 parva
1103 3954 1179 4008 cur
1196 3922 1282 4007 dici·

144 4059 223 4133 tur,
239 4064 325 4145 quae
343 4036 392 4116 ad
406 4037 595 4119 virtutem
608 4040 696 4121 satis
711 4067 855 4148 magna
869 4040 949 4120 est:
980 4038 1045 4119 sed
1059 4064 1192 4147 neque
1203 4035 1280 4119 exi·

145 4152 193 4233 lis
213 4149 445 4244 admodum,
463 4177 511 4229 eo
535 4150 622 4231 sane
645 4154 779 4233 animo
802 4151 927 4260 iisque
946 4150 1109 4243 viribus,
1130 4169 1178 4231 ut
1200 4146 1283 4230 cum

144 4285 232 4345 aetas
245 4263 410 4371 vitaeque
426 4262 525 4342 ratio
538 4262 588 4342 s1c
604 4262 766 4359 serebat,
779 4291 852 4345 nec
867 4262 1018 4344 serrum
1029 4265 1210 4356 trastare,
1223 4283 1284 4340 nec

145 4377 329 4484 stringere
344 4374 575 4485 quotidiano
591 4376 660 4458 usu
676 4378 910 4459 exercitatus
926 4374 1141 4471 nescirem3
1158 4401 1208 4456 eo
1227 4399 1284 4453 ac·
