2888 5204
485 441 726 546 Defensro.
767 452 886 583 Cap.
915 487 962 573 4.
1250 456 1302 566 85

141 623 337 731 Hyrcano
357 624 633 734 pontificatum
657 624 817 733 reliquit
837 643 877 704 et
899 623 1166 734 principatum
1192 649 1303 701 more

140 737 272 845 patrio
285 736 532 845 legitimum;
564 737 707 816 exinde
721 735 906 816 Pontifex
919 754 959 816 et
974 731 1202 814 Ethnarcha
1218 733 1302 812 dic-

141 868 206 928 tus
226 848 298 928 est.
359 850 512 930 Iterum
535 848 605 928 sub
627 847 824 930 Archelao
848 848 1022 928 Herodis
1046 847 1129 927 filio
1158 845 1300 951 Judaei,

143 959 268 1040 miffis
294 959 345 1039 ad
371 962 600 1069 Augustum
632 961 823 1043 Caesarem
843 960 1128 1070 quinquaginta
1148 958 1300 1065 legatis,

138 1090 181 1152 et
202 1072 411 1152 Herodem
431 1093 636 1153 mortuum
660 1092 700 1154 et
722 1073 966 1154 Archelaum
989 1072 1159 1180 graviter
1183 1097 1300 1150 accu-

142 1183 302 1280 sarunt;
335 1211 505 1293 regnum
521 1184 616 1266 huic
631 1213 704 1294 pro
723 1185 789 1266 sua
803 1185 907 1266 virili
924 1203 1031 1294 parte
1048 1182 1300 1289 abrogarunt,

142 1295 341 1378 Caesarem
367 1317 479 1378 orant
504 1316 549 1378 ut
578 1298 779 1407 Populum
803 1297 1020 1404 Judai'cum
1044 1296 1122 1375 fine
1142 1293 1300 1402 regibus

141 1407 221 1488 effe
245 1410 504 1518 permitteret.
567 1415 753 1523 Qorum
775 1409 901 1490 Caesar
920 1406 1101 1519 precibus
1120 1405 1300 1514 aliquan-

141 1540 235 1601 tum
262 1539 481 1630 permotus,
510 1549 589 1602 non
623 1548 759 1629 regem
792 1550 900 1615 eum,
931 1520 996 1600 sed
1029 1515 1300 1598 Ethnarcham

141 1631 339 1713 duntaxat
366 1633 582 1714 constituit.
642 1633 737 1739 Ejus
766 1661 868 1714 anno
887 1633 1043 1713 decimo
1060 1628 1187 1710 rursus
1206 1634 1300 1708 eum

144 1743 326 1854 Populus
345 1772 416 1853 per
436 1747 583 1853 legatos
602 1744 651 1825 ad
679 1746 871 1826 Caesarem
894 1743 1105 1853 tyrannidis
1124 1739 1298 1835 accusat;

142 1854 292 1965 q'uibus
310 1856 436 1936 Caesar
454 1855 624 1964 benigne
642 1858 783 1939 auditis
805 1861 979 1938 Romam
998 1855 1240 1946 accersitum,
1262 1869 1302 1931 et

136 1968 296 2074 judicio
314 1969 543 2049 damnatum
565 1971 763 2049 Viennam
782 1970 824 2048 in
844 1970 1011 2049 exilium
1031 1968 1147 2047 misrt.
1207 1967 1301 2070 Jam

143 2079 251 2161 mibi
267 2081 389 2161 velim
408 2079 636 2192 respondeas
651 2113 661 2177 ;
693 2084 762 2190 qui
779 2081 864 2161 suos
881 2107 990 2188 reges
1010 2079 1219 2170 accusatos,
1230 2077 1301 2185 qui

143 2192 367 2286 damnatos,
387 2194 457 2301 qui
476 2194 635 2303 punitos
654 2193 849 2286 volebant,
869 2219 998 2271 annon
1018 2191 1104 2300 ipsr,
1125 2189 1153 2268 sr
1171 2186 1302 2297 potes-

144 2322 204 2385 tas
225 2302 341 2398 aaa,
360 2304 389 2384 fi
408 2306 518 2416 optio
538 2307 627 2385 data
647 2306 716 2388 fibi
735 2305 841 2400 effer,
862 2331 991 2383 annon
1016 2302 1101 2411 ipfi,
1121 2303 1300 2408 inquam,

137 2415 296 2522 judicio
317 2416 572 2512 damnassent,
598 2417 669 2527 ipfi
693 2415 885 2527 supplicio
910 2414 1150 2494 affecissent?
1208 2414 1301 2518 Jam

145 2530 188 2607 in
209 2530 414 2608 Romanos
433 2529 607 2637 praefides
629 2527 740 2609 avare
759 2548 800 2609 et
823 2527 1032 2608 crudeliter
1058 2524 1303 2635 provinciam

144 2640 477 2734 administrantes,
503 2641 699 2751 populum
727 2661 767 2721 et
799 2641 991 2750 primores
1019 2641 1139 2719 etiam
1168 2633 1302 2746 saepilrs

146 2780 260 2833 arma
288 2751 481 2862 sumpsisse
510 2781 588 2833 non
618 2754 763 2860 negas?
804 2750 932 2831 causas
962 2779 1071 2840 more
1103 2772 1171 2830 tuo
1207 2748 1301 2829 stul-

145 2863 311 2944 tiffimas
330 2865 498 2971 affingis,
517 2864 672 2946 nondum
675 2865 771 2972 jugo
785 2882 896 2945 erant
909 2863 1042 2973 affueti
1049 2893 1063 2956 ,·
1095 2859 1164 2941 sub
1177 2859 1303 2939 Alex-

146 2975 273 3056 andro
302 2975 463 3068 scilicet,
491 2977 669 3070 Herode,
696 2974 853 3083 ejusque
883 2975 986 3055 filiis.
1045 2977 1103 3054 At
1132 2974 1182 3052 C.
1213 2973 1302 3051 Cae-

148 3087 238 3182 sari,
256 3106 297 3167 et
317 3088 502 3168 Petronio
525 3087 657 3169 bellum
680 3088 822 3196 irfferre
844 3088 1066 3167 noluerunt.
1126 3084 1302 3164 Pruden-

148 3218 211 3280 ter
236 3198 297 3279 illi
318 3200 496 3308 quidem,
516 3228 595 3281 non
622 3218 815 3311 poterant.
874 3200 946 3279 Vis
970 3198 1144 3309 ipsorum
1167 3196 1302 3278 audire

149 3312 287 3404 verba,
305 3327 467 3422 πολεμεῖν
484 3309 589 3423 μὲνού
608 3310 802 3423 βουλόμενοι
827 3305 883 3391 lad
901 3308 943 3393 rd
959 3308 1043 3421 μηδ’
1058 3311 1101 3392 alr
1124 3303 1298 3390 diruatur.

150 3423 277 3535 Qod
289 3422 360 3532 ipsi
370 3422 541 3504 fatentur
552 3425 834 3505 imbecillitatis
846 3422 920 3503 esse
932 3423 1019 3516 suae,
1028 3420 1105 3501 hoc
1118 3442 1161 3500 tu
1172 3418 1301 3528 hypo-

149 3539 252 3616 crita
270 3534 319 3614 ad
338 3535 571 3643 religionem
588 3536 735 3617 refers?
794 3536 949 3642 M'agno
974 3534 1066 3613 dein
1095 3531 1300 3611 molimine

151 3645 308 3757 prorsus
334 3645 436 3729 nihil
461 3648 558 3757 agis,
579 3648 676 3728 dum
696 3676 746 3728 ex
758 3649 943 3837 patribus
962 3645 1115 3757 probas,
1136 3643 1243 3752 quod
1262 3660 1302 3723 et

148 3774 267 3840 ante'a
279 3776 411 3839 tamen
423 3762 507 3869 pari
519 3759 745 3841 oscitatione
776 3787 918 3854 eceras,
931 3788 1003 3869 pro
1017 3757 1174 3866 regibus
1184 3782 1300 3838 oran-

149 3872 252 3952 dum
277 3869 364 3955 else.
423 3873 535 3953 Nam
563 3900 635 3981 pro
662 3873 775 3952 bonis
805 3872 893 3979 quis
919 3872 1060 3978 negat?
1091 3898 1163 3981 pro
1187 3868 1302 3949 malis

150 3982 284 4093 quoad
299 3981 384 4092 spes
395 3983 474 4079 est;
505 4011 578 4094 pro
593 3983 806 4063 latronibus
825 3985 945 4062 etiam
960 4004 1000 4062 et
1013 4010 1084 4093 pro
1100 3981 1275 4062 hostibus
1289 4013 1299 4077 ;

152 4122 234 4175 non
246 4112 292 4174 ut
302 4121 414 4203 agros
426 4095 728 4206 depopulentur,
741 4114 808 4174 aut
822 4123 892 4175 nos
903 4095 1093 4175 occisione
1105 4095 1299 4188 occidant,

151 4205 218 4287 sed
233 4223 278 4286 ut
290 4206 521 4317 resipiscant.
583 4209 755 4287 Oramus
767 4235 840 4316 pro
851 4205 1046 4315 utrisque;
1069 4206 1157 4286 illos
1170 4227 1302 4285 tamen

151 4316 324 4425 legibus,
343 4316 415 4400 hos
439 4321 558 4400 armis
580 4319 776 4398 vindicare
799 4321 889 4427 quis
911 4320 1042 4399 vetat?
1100 4317 1303 4426 Liturgias

151 4431 403 4544 AEgyptiacas
413 4432 470 4512 nil
483 4459 639 4526 moror;
661 4430 833 4511 sacerdos
849 4430 1058 4511 autemille
1070 4431 1139 4538 qui
1153 4431 1302 4523 orabat,

149 4542 214 4623 uti
226 4544 299 4639 ais,
310 4563 357 4623 ut
369 4542 578 4626 Commodus
589 4542 703 4654 patri
704 4541 935 4650 succederet,
957 4570 1047 4628 meo
1062 4541 1224 4648 quidem
1234 4541 1300 4647 ju-

149 4653 261 4737 dicio
274 4680 356 4738 non
367 4655 516 4753 orabat,
529 4656 593 4739 sed
606 4657 790 4738 Romano
801 4657 971 4766 imperio
983 4653 1143 4765 peffima
1156 4653 1305 4764 impre-
