2888 5204
245 618 298 674 20
512 582 605 676 Pro
629 576 816 713 Populo
841 574 1111 710 Anglicano

247 753 383 834 rendas
406 752 645 849 decernunt3
678 754 762 863 pari
782 751 868 833 lane
893 753 1034 833 scelere
1060 772 1178 860 atque
1198 747 1398 830 dementid

249 894 294 946 ac
315 869 519 947 Romanus
539 868 637 946 olim
658 869 835 961 Senatus,
851 866 1087 946 reclamante
1104 864 1247 944 Marco
1259 859 1398 940 Tullio

250 999 289 1058 et
309 1006 402 1058 cum
422 1008 470 1058 eo
489 978 602 1059 bonis
621 979 821 1070 omnibus,
842 979 990 1085 legatos
1008 977 1182 1056 decrevit
1200 975 1250 1056 ad
1268 975 1398 1053 Anto-

251 1090 391 1169 nium:
424 1094 508 1198 pari
527 1092 648 1170 etiam
668 1109 826 1183 eventu,
844 1090 915 1169 nifi
931 1092 1023 1170 Deo
1043 1087 1261 1168 immortali
1274 1083 1398 1164 visum

251 1201 363 1282 aliter
382 1201 524 1296 fuisset,
545 1204 633 1282 illos
654 1202 694 1279 in
712 1201 938 1281 servitutem
956 1201 1120 1295 tradere,
1137 1228 1207 1280 nos
1223 1201 1264 1279 in
1280 1197 1399 1276 liber-

252 1333 374 1394 tatem
392 1315 603 1394 vindicare.
663 1313 775 1394 Nam
803 1311 897 1393 clim
926 1342 995 1392 rex
1024 1312 1151 1393 nihilo
1173 1312 1262 1421 plus
1281 1304 1400 1417 quim

252 1445 365 1506 antea
380 1426 628 1519 conceffilser,
649 1427 755 1533 quod
774 1426 823 1504 ad
844 1426 1000 1505 firmam
1018 1453 1157 1534 pacem
1176 1442 1217 1502 et
1235 1446 1400 1528 compo

253 1537 433 1618 fitionem
461 1535 594 1619 reveri
619 1537 820 1646 speetaret,
846 1538 905 1616 illi
924 1557 1055 1616 tamen
1074 1534 1313 1617 satisfactum
1332 1529 1400 1609 fibi

252 1645 274 1727 ὲ
302 1652 414 1758 Rege
447 1649 520 1729 effe
554 1651 735 1730 statuunt.
796 1650 889 1729 Pars
916 1650 1048 1758 itaque
1074 1648 1213 1742 sanior,
1239 1641 1336 1727 cirm
1363 1643 1398 1721 se

252 1789 415 1869 remque
436 1762 642 1842 Publicam
665 1760 780 1870 prodi
800 1761 963 1856 videret,
987 1761 1107 1840 fidem
1131 1757 1343 1850 fortiflimi,
1362 1772 1401 1833 et

253 1872 407 1982 semper
426 1874 593 1982 reipubl.
617 1873 789 1953 fidiffimi
808 1871 1003 1953 exercitiis
1019 1872 1218 1981 implorat.
1260 1871 1308 1950 ln
1323 1894 1401 1976 quo

252 1983 356 2064 mihi
374 1985 537 2092 quidem
555 1982 633 2064 hoc
651 1982 778 2064 sollrm
798 1987 969 2064 occurrit
987 1986 1093 2093 quod
1113 1983 1239 2063 nolim
1257 1983 1400 2072 dicere,

253 2097 397 2176 nostras
410 2096 583 2202 legiones
596 2098 759 2177 rectiora
770 2095 914 2175 senfiffe
926 2094 1047 2205 quim
1062 2114 1188 2205 patres
1203 2092 1400 2199 conserip-

253 2227 337 2289 tos:
372 2227 413 2287 et
440 2208 604 2287 salutem
637 2207 804 2317 reipubl.
835 2211 954 2288 armis
982 2207 1162 2300 attulisse,
1191 2234 1315 2315 quam
1342 2203 1400 2283 illi

253 2319 328 2400 suis
358 2319 550 2427 suffragiis
582 2319 705 2430 prope
736 2320 1029 2400 damnaverant.
1095 2318 1229 2397 Multa
1259 2315 1399 2397 deinde

252 2430 436 2512 flebiliter
455 2451 597 2526 narrat,
617 2428 757 2512 verirm
778 2452 859 2512 tam
874 2430 1024 2528 inseitd,
1039 2451 1084 2510 ut
1099 2431 1251 2509 luetum
1262 2454 1400 2509 emen·

252 2543 395 2638 dicare,
428 2571 507 2623 non
538 2571 788 2623 commovete
820 2545 1009 2623 videatur.
1074 2542 1198 2622 Dolet
1227 2540 1336 2649 qudd
1365 2567 1401 2620 eo

251 2654 363 2748 modo,
391 2684 459 2763 quo
486 2655 610 2734 nullus
633 2681 792 2764 unquam
810 2685 880 2735 rex
884 2654 1111 2764 supplicium
1130 2652 1264 2762 cupitis
1276 2651 1402 2764 pofflrs

238 2767 325 2870 stt:
346 2761 441 2846 ciam
461 2763 595 2874 saepilrs
615 2767 879 2860 affirmaverit,
901 2768 1054 2847 nullum
1073 2794 1249 2873 unquam
1265 2792 1401 2872 regem

252 2878 490 2987 supplicium
504 2878 642 2990 capitis
654 2880 818 2958 omnino
830 2877 904 2958 effe
916 2879 1079 2988 palium.
1134 2877 1401 2971 Tune,fatue,

253 2991 420 3068 modum
447 3016 542 3069 cum
570 2990 690 3070 modo
718 2990 896 3070 conferre
915 2991 1027 3083 soles,
1046 2990 1116 3069 ubi
1139 2988 1289 3069 fanum
1308 3016 1401 3068 cum

254 3100 358 3181 fac‘to
377 3103 484 3209 quod
504 3101 679 3182 conferas
699 3130 777 3182 non
796 3099 945 3181 habea?
995 3102 1236 3211 Supplicium,
1257 3102 1402 3209 inquit,

253 3212 387 3322 capitis
399 3211 526 3321 puffius
544 3213 605 3320 est,
621 3232 665 3293 ut
684 3214 798 3306 latro,
819 3230 863 3293 ut
866 3212 1048 3318 stcorius,
1069 3232 1113 3293 ut
1125 3213 1339 3322 parricida,
1359 3229 1402 3293 ut

247 3324 431 3434 proditor,
453 3343 496 3405 ur
509 3343 703 3434 tyrannus.
765 3325 1013 3406 Hoccineest
1028 3353 1164 3434 regern
1178 3324 1402 3417 defendere,

254 3464 303 3516 an
323 3436 554 3516 sententiam
573 3437 621 3516 de
639 3463 731 3544 rege
751 3435 867 3531 ferre,
888 3439 933 3517 ed
952 3435 1039 3516 sane
1059 3465 1144 3545 quae
1163 3433 1313 3517 dnobis
1326 3436 1404 3516 lata

219 3600 222 3604 -
254 3548 324 3642 est,
345 3547 473 3629 multo
492 3547 751 3628 severiorem?
771 3550 860 3658 quis
880 3570 917 3629 te
938 3569 1018 3628 tam
1038 3547 1165 3628 subito
1180 3547 1347 3657 pellexit
1359 3565 1404 3627 ut

254 3660 457 3740 nobiseum
476 3660 745 3770 pronuntiares
759 3661 785 3738 ?·
815 3661 1007 3773 Qeritur
1019 3660 1232 3769 personatos
1248 3659 1404 3768 carnfi-

253 3802 311 3852 ces
338 3773 425 3880 regi
439 3791 554 3881 caput
571 3771 782 3882 amputuffi’.
844 3772 956 3885 Qid
977 3771 1054 3852 hoc
1073 3772 1237 3853 homine
1256 3770 1403 3852 facias?

254 3883 409 3991 questus
429 3885 485 3964 est
504 3884 616 3993 supra
635 3884 678 3964 de
685 3883 893 3993 parricidio
912 3885 950 3964 iu
963 3883 1118 3992 persona
1131 3884 1231 3992 regis
1244 3883 1403 3994 admisto,

254 4022 358 4075 nunc
377 3997 420 4076 in
438 3997 600 4105 persona
618 3996 810 4077 carnificis
829 3996 1039 4076 admiffum
1057 3997 1246 4105 queritur.
1291 3994 1403 4109 Qid

254 4108 403 4215 reliqua
428 4134 667 4215 percurram,
693 4108 838 4215 partim
865 4107 1073 4202 falfiffima,
1098 4109 1244 4216 partim
1263 4107 1403 4188 frivola

254 4218 297 4299 de
318 4221 458 4328 pugnis
480 4238 519 4299 et
538 4218 700 4299 calcibus
718 4219 895 4299 militum
915 4221 1200 4327 gregariorum,
1221 4237 1261 4298 et
1279 4218 1403 4300 lieen-

255 4330 514 4440 tidspeolundi
534 4330 729 4411 cadaveris
743 4350 904 4439 quotuor
910 4329 1042 4437 solidis
1054 4333 1207 4423 toxotii,
1228 4359 1314 4439 quae
1332 4329 1404 4410 fri-

254 4444 442 4550 gidiffimi
461 4443 668 4522 literatoris
700 4441 894 4522 inscitiam
924 4463 965 4522 et
995 4443 1249 4552 pusrllitatem
1279 4442 1403 4522 animi

253 4556 479 4644 clamitant;
510 4554 709 4661 legentem
737 4553 841 4634 certe
866 4556 1069 4634 neminem
1089 4556 1172 4665 pilo
1193 4554 1404 4634 tristiorem

254 4668 413 4748 reddere
426 4665 604 4777 poliunt:
636 4665 751 4745 satius
763 4664 989 4746 mehercule
1004 4665 1132 4746 fuiffet
1145 4665 1292 4747 Carolo
1307 4665 1404 4760 filio,

252 4780 430 4889 quemvis
460 4805 512 4858 ex
535 4805 583 4858 eo
603 4775 851 4861 balatronum
865 4805 986 4888 grege
1004 4777 1248 4875 conduxiffe,
1267 4778 1340 4888 qui
1358 4776 1407 4860 ad
