2888 5204
155 222 177 274 2
184 223 234 304 52
437 185 529 275 Pro
555 177 740 314 Populo
765 176 1038 310 Anglicano

152 355 226 435 esse
245 353 386 464 potest,
403 356 511 462 quod
530 381 606 462 ego
621 382 694 434 nec
710 355 788 433 line
801 355 881 432 Dei
898 372 997 434 nutu
1008 381 1100 434 reor
1112 352 1289 445 accidisse,

152 466 276 575 quod,
292 494 387 545 cum
402 464 425 544 al
440 468 818 573 ReginaSuecorum
834 465 1097 559 Sereniffima,
1113 493 1194 575 qua
1206 465 1289 543 vivit

150 581 294 687 opinor
312 605 447 672 nemo,
469 598 537 658 aut
552 580 651 657 olim
666 579 783 668 vixit,
797 577 859 655 vel
875 579 1122 686 optimarum
1142 578 1288 668 artium,

148 690 212 768 vel
244 690 452 768 doctorum
484 686 695 768 hominum
721 688 936 782 studiofior,
967 686 1192 769 honorifice
1215 683 1288 767 unt

150 800 242 879 effet
266 801 467 894 invitatus,
489 800 731 908 venissetque
756 822 797 880 et
816 801 1023 880 Salmasius
1042 820 1086 879 et
1103 799 1288 890 Salmatia,

152 920 259 1018 (uter
277 913 386 991 enim
405 910 549 991 horum
573 914 605 992 is
633 934 730 1004 erat,
756 913 890 992 uxoris
916 913 1051 1020 palam
1076 912 1290 990 dominatus

149 1052 243 1103 cum
264 1023 370 1102 sama
390 1042 476 1102 tum
492 1025 813 1103 domijncertum
827 1023 1046 1102 admodum
1060 1018 1288 1128 reddiderat)

148 1164 230 1244 quo
250 1136 291 1213 in
310 1136 399 1214 loco
414 1137 642 1244 peregrinus
661 1163 808 1241 magno
823 1136 864 1213 in
879 1132 1030 1213 honore
1043 1135 1228 1242 degebat,
1242 1132 1289 1212 ihi

149 1275 243 1327 eum
262 1246 390 1326 nostra
407 1245 593 1325 Defenfio
606 1244 707 1324 nihil
723 1247 797 1326 tale
810 1264 1058 1325 metuentem
1077 1244 1286 1354 occupavit.

152 1364 246 1471 Qa
265 1359 395 1439 statim
415 1356 630 1467 dpluribus
643 1358 829 1467 perlecta,
842 1359 996 1464 Regina
1016 1358 1200 1465 quidem,
1213 1382 1287 1464 qua

150 1490 189 1550 et
201 1471 282 1579 ipsa
293 1499 389 1549 curn
402 1471 539 1578 primis
554 1470 786 1578 perlegerat,
797 1469 847 1547 de
860 1469 924 1547 sua
935 1468 1099 1578 pristina
1114 1467 1286 1577 benigni·

149 1601 226 1661 tate
239 1609 284 1660 ac
294 1580 628 1674 munificentia,id
641 1578 766 1660 solium
777 1580 948 1690 spectans
956 1581 1066 1689 quod
1079 1579 1118 1659 se
1130 1581 1284 1688 dignum

148 1714 245 1786 erat,
258 1693 299 1771 in
311 1689 508 1801 hospitem
519 1691 620 1771 nihil
631 1692 795 1771 remifit:
816 1693 865 1770 de
877 1710 1030 1785 caetero,
1047 1689 1284 1771 fiauditase·

149 1805 238 1912 pius
257 1824 297 1882 et
316 1832 402 1912 quae
421 1831 557 1883 arcana
576 1831 655 1883 non
676 1803 777 1896 sunt,
797 1805 890 1883 licet
909 1801 1068 1897 referre,
1085 1821 1194 1882 tanta
1210 1801 1284 1882 ani·

149 1943 309 1996 morum
329 1915 428 1995 sabla
448 1914 576 1994 subito
591 1917 760 1995 mutatio
778 1914 845 2005 est,
864 1916 997 2023 utqui
1015 1913 1284 2009 nudiustertius

148 2029 300 2108 summa
319 2029 443 2134 gratia
464 2026 661 2121 floruerat,
677 2053 781 2106 nunc
800 2024 901 2135 pene
915 2026 1195 2121 obsolesceret3
1223 2048 1285 2105 not

148 2142 203 2220 ita
217 2140 346 2219 multo
364 2140 450 2249 post
466 2137 664 2218 discedens
684 2165 782 2216 num
802 2139 904 2216 bona
917 2139 1032 2218 venia
1055 2136 1136 2219 hoc
1158 2136 1283 2218 unoiu

148 2250 271 2330 dubio
294 2251 501 2360 permultis
525 2250 777 2357 relinqueret,
790 2247 1066 2329 honoratiorne
1080 2249 1285 2341 advenerit,

147 2391 197 2441 an
212 2363 477 2470 contemptior
496 2363 649 2441 abierit.
710 2360 785 2439 Sed
802 2387 928 2469 neque
944 2361 1030 2440 aliis
1046 2361 1088 2439 in
1108 2361 1208 2441 locis
1224 2359 1285 2439 dc-

149 2476 382 2553 trimentum
398 2473 522 2553 levius
539 2471 667 2553 secisse
682 2469 796 2550 samae
815 2471 901 2551 satis
916 2472 1079 2551 constat.
1141 2473 1286 2553 Verum

19 2662 22 2667 .
147 2581 228 2664 haec
240 2585 374 2663 omnia
385 2612 462 2664 non
475 2583 747 2691 eoattuli,quo
758 2612 822 2662 me
834 2585 1021 2691 cuiquam
1032 2584 1284 2675 venditarem,

145 2697 394 2804 nequeenim
409 2696 591 2805 estopus;
610 2694 673 2774 sed
684 2695 765 2803 quo
781 2695 821 2773 id
833 2695 1023 2775 duntaxat
1036 2695 1153 2778 latius
1164 2695 1284 2774 osteu-

146 2808 296 2900 derem,
313 2808 420 2915 quod
440 2809 554 2886 initio
574 2807 738 2900 institui,
766 2833 861 2914 quas
877 2807 928 2886 ob
946 2807 1090 2900 causas,
1113 2825 1157 2886 et
1173 2804 1285 2914 quam

146 2946 223 2999 non
245 2921 362 3011 leves,
388 2918 436 2998 ab
460 2918 620 3025 agendis
644 2920 736 2997 Deo
757 2919 929 3026 Optimo
947 2919 1137 2998 Maximo
1157 2917 1284 3026 gratiis

173 3032 388 3111 otiffimum
402 3030 472 3108 fim
485 3031 659 3123 exorsus;
674 3029 854 3137 mihique
867 3031 1105 3139 prooetnium
1119 3027 1198 3110 hoc
1209 3028 1284 3109 fore

144 3059 455 3223 llonestiffimum
466 3160 582 3247 atque
596 3140 925 3249 pulcherrimum,
934 3142 974 3219 in
986 3169 1067 3248 quo
1080 3138 1282 3249 pracipus,

146 3273 204 3334 tot
222 3253 464 3361 argumentis
491 3254 744 3346 enumeratis,
769 3251 1032 3332 demonstrare
1055 3253 1189 3347 liceat,
1209 3276 1281 3341 me,

36 3417 52 3433 =
145 3363 251 3447 haud
273 3383 480 3472 expertem
507 3364 599 3442 licet
624 3363 894 3443 calamitatum
919 3362 1200 3463 humanarum,
1224 3388 1283 3442 me

145 3498 291 3569 tamen,
306 3475 440 3584 resque
453 3476 655 3554 measDeo
666 3501 768 3554 curae
779 3474 870 3570 effe3
885 3503 951 3554 me
967 3475 1155 3554 maximis
1169 3498 1282 3584 prope

143 3588 193 3665 de
212 3587 339 3680 rebus,
356 3606 396 3665 et
415 3585 463 3663 ad
484 3588 616 3693 patriae
638 3587 841 3666 necessaria
865 3605 1043 3695 tempora
1060 3612 1284 3666 accommo-

143 3698 256 3791 datis,
274 3715 313 3775 et
331 3696 458 3775 civilis
473 3698 560 3775 vitae
579 3697 853 3805 religionisque
871 3726 923 3778 ex
941 3698 1011 3778 usu
1028 3697 1208 3780 maxims
1225 3695 1284 3778 fu·

145 3811 255 3901 turis,
283 3835 361 3886 non
381 3834 461 3886 uno
482 3835 554 3916 pro
574 3810 736 3916 populo,
764 3808 910 3887 nedum
929 3838 1009 3890 uno
1029 3837 1103 3916 pro
1122 3838 1207 3904 reo,
1225 3806 1282 3887 sed

144 3949 216 4029 pro
232 3918 410 3998 universo
423 3920 552 4025 potius
567 3917 777 3998 hominum
789 3946 944 4025 genere,
961 3939 1098 4001 contra
1108 3918 1283 4000 humana

143 4031 329 4111 libertatis
345 4029 488 4122 hostes,
504 4029 610 4137 quasr
627 4030 667 4108 in
684 4033 890 4110 communi
908 4034 1091 4112 omnium
1107 4031 1282 4140 gentium

141 4165 181 4224 et
201 4141 511 4249 frequentissimo
525 4141 713 4220 concursu
727 4140 988 4237 differentem,
1005 4143 1141 4222 divino
1158 4144 1282 4224 favore

140 4273 180 4334 et
192 4254 342 4333 auxilio
355 4251 534 4357 adjutum
548 4271 664 4359 atque
680 4256 864 4332 aunum:
886 4281 967 4360 quo
986 4280 1063 4362 ego
1081 4255 1208 4361 majus
1222 4268 1284 4334 aut

139 4365 342 4474 gloriosius
359 4363 575 4470 quicquam
589 4361 689 4442 mihi
708 4362 893 4459 tribuere,
907 4391 1036 4474 neque
1051 4366 1196 4474 poffim
1209 4365 1285 4446 ullo
