2888 5204
140 203 221 284 374
386 160 613 258 Authoris
636 198 724 295 pro
747 158 792 256 se
816 153 1045 255 Defenfio

140 341 190 419 ad
210 341 383 419 amicam
405 339 616 448 praesertim
643 340 756 417 illam
779 337 995 445 fiscriptus
1020 335 1098 427 αἱ,
1121 334 1234 439 cuius
1252 354 1288 411 tu

143 481 250 532 nunc
268 454 453 559 gratiam,
466 451 609 556 rejecta
626 480 700 559 pro
717 451 882 529 arbitrio
897 450 1058 540 Pontii,
1068 473 1289 526 mmm-

142 565 235 644 dato
249 564 406 643 forlitan
421 584 657 672 argumento
671 563 800 642 ambis
816 592 828 639 ε
858 582 949 639 tum
963 561 1087 639 illum
1102 559 1151 639 k
1168 560 1288 666 Smp-

143 696 239 756 tura
249 676 387 782 sacra,
406 704 581 784 quorum
607 678 826 785 Scriptores
844 674 974 752 multa
997 668 1233 751 homnitirs
1252 688 1288 747 et

144 790 416 896 imprudenter
435 787 617 897 scripfiffe
632 786 766 866 femnt
784 807 824 866 te
842 786 1066 864 affirmare:
1097 785 1211 863 illam
1226 783 1288 860 de·

144 902 235 979 inde
248 918 322 1008 pra
342 901 518 992 Calvino,
530 928 653 1008 quem
669 900 847 979 tuveluti
860 895 1107 1006 Prophetam
1116 898 1289 975 uuum

144 1034 406 1092 monumento
420 1011 632 1091 Pharisaeus
646 1039 828 1103 exornas,
839 1012 974 1089 vitiet
986 1008 1289 1113 morssrusjugu·

146 1125 227 1204 las:
259 1153 352 1204 nam
368 1154 455 1234 quae
466 1123 671 1233 prodibant
688 1151 810 1234 opera
820 1143 904 1214 tua,
918 1150 1008 1230 quae
1018 1121 1166 1230 pmris
1180 1138 1220 1198 et
1234 1148 1288 1196 rt·

145 1240 308 1332 trablas,
327 1256 365 1315 et
382 1235 437 1317 ad
459 1236 668 1316 umbilicum
677 1236 898 1345 speblmia
913 1234 1070 1326 nrolr'ris,
1089 1261 1139 1312 ea
1156 1228 1289 1312 metiti

146 1349 386 1459 suspicantur
400 1377 538 1428 omnes
553 1349 629 1427 effe
644 1348 877 1459 turpiffima.
907 1346 1027 1425 Illam
1039 1344 1087 1424 de
1095 1344 1291 1454 pir'sfm·

145 1461 252 1543 dibus
268 1461 550 1571 dssertattanem
568 1460 656 1540 sane
675 1463 868 1569 expetlm
898 1486 993 1536 nam
1006 1458 1057 1536 de
1075 1459 1217 1566 impiis
1231 1454 1290 1534 abs

149 1592 186 1652 te
198 1572 311 1655 factis
324 1572 527 1653 fraudibus
538 1573 693 1653 abunde
704 1573 948 1651 audivimus:
969 1568 1180 1649 enimvero
1193 1571 1291 1648 Cn-

147 1685 353 1765 mentarius
378 1685 440 1763 ille
464 1705 568 1779 tuus,
586 1689 752 1793 quinam
779 1685 826 1764 fit
852 1686 893 1762 in
922 1701 1028 1790 trum
1048 1681 1292 1789 Evangelia

149 1794 305 1876 futurus
318 1797 515 1892 demiror;
547 1825 639 1876 nam
655 1797 723 1876 illa
733 1817 904 1905 quatuor
918 1797 1051 1904 priora
1057 1794 1292 1900 jamdudum

148 1908 260 1988 factis
294 1907 518 2017 abnegasti:
550 1910 654 1989 unde
683 1929 725 1988 et
759 1909 998 1999 Theoremata
1027 1908 1098 1986 illa
1123 1905 1294 2015 praebia

149 2022 250 2102 mire
264 2021 451 2114 defidero,
466 2050 558 2101 nam
574 2042 618 2100 tu
632 2024 673 2100 in
689 2023 870 2129 prafflcis
887 2021 1071 2127 egregius
1083 2017 1212 2098 homo
1225 2018 1294 2096 fine

149 2135 408 2214 controverlia
422 2161 487 2227 es3
519 2134 560 2212 id
573 2134 681 2242 quod
701 2134 750 2213 de
767 2155 806 2212 te
826 2152 886 2212 tot
904 2131 1046 2211 fabulae
1059 2159 1142 2211 non
1160 2130 1294 2211 fabula

151 2247 351 2326 testantur.
411 2247 476 2325 Ad
504 2247 573 2326 illa
591 2266 725 2325 autem
743 2247 824 2326 loca
842 2244 933 2324 novi
941 2243 1122 2352 fuderis,
1140 2264 1181 2323 et
1197 2242 1295 2322 axia-

150 2377 255 2438 mata
273 2357 406 2467 quibus
424 2388 470 2437 ex
487 2359 613 2438 veteri
623 2387 757 2438 novum
757 2357 892 2465 fredus
901 2356 1132 2463 illustratur,
1154 2355 1295 2435 Pontia

150 2497 310 2577 quoque
331 2492 440 2549 notas
451 2470 597 2549 vellem
617 2470 731 2549 fimul
743 2471 891 2549 ederes.
951 2471 1006 2547 Et
1018 2466 1222 2578 postremo
1233 2465 1294 2545 ist-

151 2578 230 2660 huc
244 2582 487 2675 memineris,
509 2603 546 2661 te
561 2584 730 2662 alterum
741 2582 927 2661 volumen
940 2607 1111 2689 operum
1124 2601 1292 2670 tuorum,

151 2692 259 2800 quod
271 2694 442 2772 Genevae
454 2695 494 2772 in
511 2693 760 2775 Bibliotheca
773 2692 931 2802 publica
943 2694 1168 2772 etiamnum
1179 2708 1293 2781 extat,

150 2824 280 2885 totum
312 2807 500 2885 omififfe:
532 2808 591 2885 uti
619 2808 741 2886 etiam
772 2806 1043 2915 inscriptiones
1072 2805 1176 2898 illas,
1205 2829 1293 2883 cum

151 2915 394 3027 frontispicio
414 2918 601 3011 mirabili,
617 2947 713 3027 quas
728 2920 907 3026 quamvis
926 2945 1026 3026 opus
1044 2919 1294 3005 Pontianum,

151 3031 192 3109 in
213 3051 280 3110 tua
302 3052 432 3110 tamen
452 3031 681 3110 membrana
701 3050 785 3111 tuas
800 3031 889 3122 effe,
903 3030 1164 3138 adstipulante
1179 3030 1294 3108 etiam

152 3143 388 3246 Justiniano,
410 3142 513 3223 reos
536 3144 731 3223 dixerim:
762 3171 854 3223 nam
876 3143 1027 3222 Noctes
1050 3160 1152 3234 tuas,
1171 3141 1294 3220 nescio

150 3283 199 3334 an
215 3258 367 3335 Atticas
387 3282 481 3334 cum
499 3257 653 3349 Pontia,
675 3256 750 3334 five
770 3256 977 3362 dialogum
991 3252 1215 3344 morillum,
1231 3249 1292 3330 alii

152 3365 344 3476 spurium,
358 3367 423 3447 alii
444 3369 634 3448 duntaxat
649 3366 922 3476 embryonem,
939 3368 1009 3476 qui
1026 3361 1209 3445 subtilius
1223 3389 1293 3442 non

151 3478 253 3558 inter
267 3481 401 3572 libros,
423 3480 485 3559 sed
506 3482 607 3560 inter
621 3479 763 3559 liberos
783 3498 869 3559 tuos
888 3478 1181 3558 numerandum
1200 3471 1292 3556 exis-

151 3590 305 3670 timant.
359 3591 435 3670 Sed
460 3591 693 3700 properabas
716 3593 834 3671 credo
862 3592 911 3670 ad
939 3593 1104 3670 alteram
1132 3585 1293 3668 instituti

151 3703 279 3810 operis
296 3724 462 3810 partem,
476 3705 691 3783 calumnias
712 3730 832 3784 meas.
892 3704 1003 3783 Nam
1024 3701 1245 3793 mendacia,
1258 3695 1293 3777 id

151 3840 294 3921 nempe
307 3815 486 3908 unicum,
499 3816 607 3924 qubd
623 3836 661 3895 te
677 3814 887 3896 authorem
902 3816 1100 3894 Clamoris
1112 3813 1294 3901 dixerim,

151 3944 302 4033 partem
319 3928 374 4005 tui
390 3929 518 4034 operis
535 3929 651 4037 longe
672 3930 893 4008 maximam
911 3927 1069 4006 tandem
1089 3924 1296 4034 aliquando

149 4037 354 4119 confecisse
370 4057 406 4118 te
421 4040 624 4146 significas.
685 4038 794 4120 Cum
811 4058 945 4119 autem
965 4039 1050 4118 leve
1065 4036 1145 4117 hoc
1159 4038 1298 4118 merito

48 4176 53 4191 ¹
148 4153 336 4259 cuiquam
349 4153 470 4231 videri
485 4153 614 4260 poffit,
631 4154 779 4232 etiamfi
797 4150 892 4232 falsa
911 4151 1043 4260 aliqud
1058 4150 1299 4259 persuafione

150 4264 325 4344 imbutus
352 4265 609 4344 attribuillem
635 4266 707 4345 tibi
731 4266 879 4345 librum
903 4264 1036 4356 istum,
1057 4263 1214 4370 alioqui
1233 4287 1302 4342 nec

148 4377 417 4486 improbatum
446 4377 532 4470 tibi,
561 4405 633 4458 nec
663 4378 729 4460 tud
756 4378 1046 4458 existimatione
1072 4375 1301 4483 indignum,
