2888 5204
438 636 445 669 ’-
492 585 732 689 Defenfi'o.
772 593 891 723 Cap.
918 627 969 715 4.
1030 680 1032 684 .
1247 629 1300 712 75

143 783 227 845 tam
246 766 324 847 effe
341 794 496 860 meum,
507 762 630 875 quam
649 765 752 872 regis
767 764 867 846 olim
881 763 1161 875 sapientissimi.
1221 766 1302 874 Ly-

142 905 292 986 curgus
311 880 422 959 enirn
442 881 722 989 Spartanorum
742 905 827 972 rex,
844 878 1004 985 antiqua
1024 905 1165 984 regum
1185 876 1301 988 stirpe
1355 906 1361 920 ·

142 990 351 1085 oriundus,
364 988 460 1071 cirm
475 992 717 1105 propinquos
733 989 882 1069 videret
903 988 988 1071 suos
1003 991 1123 1096 Argis
1137 1008 1177 1068 et
1191 989 1302 1068 Mes·

144 1100 243 1181 senae
252 1131 389 1184 rerum
401 1107 562 1212 potitos,
576 1129 745 1211 regnum
758 1129 960 1210 quemque
976 1100 1150 1183 suumin
1171 1121 1302 1209 tyran-

145 1215 285 1294 nidem
309 1214 554 1309 convertisse,
574 1214 722 1322 fibique
743 1215 887 1323 pariter
905 1212 1056 1321 suisque
1079 1213 1303 1294 civitatibus

143 1328 270 1407 exitio
282 1325 410 1422 fuisse,
423 1347 467 1407 ut
479 1328 612 1438 patriae
626 1325 739 1406 fimul
753 1325 866 1406 saluti
878 1324 1109 1420 consuleret,
1120 1345 1159 1406 et
1170 1326 1303 1432 digni-

147 1459 273 1519 tatem
293 1440 334 1518 in
355 1437 505 1519 familia
522 1439 587 1519 sua
607 1438 756 1545 regiam
775 1435 898 1547 quim
917 1436 1129 1519 diutiffime
1149 1436 1303 1518 conser-

144 1570 272 1646 varet,
303 1551 522 1632 consortem
556 1550 716 1661 imperii
746 1547 936 1643 senatum,
972 1568 1012 1629 et
1048 1548 1303 1660 Ephororum

146 1663 384 1773 potestatem
414 1665 457 1743 in
484 1661 612 1772 ipsum
638 1688 774 1769 regem
793 1660 900 1770 quafi
919 1660 1148 1757 censoriam,
1168 1661 1303 1740 firma-

148 1795 335 1855 mentum
351 1803 473 1884 regno
492 1774 560 1855 suo
580 1773 752 1854 induxit.
813 1779 909 1885 Q>
923 1771 1026 1854 fatto
1045 1801 1214 1881 regnum
1227 1772 1302 1854 suis

148 1886 361 1998 nepotibus
395 1886 661 1967 firmiffimum
692 1887 733 1964 in
764 1887 891 1965 multa
925 1885 1052 1965 secula
1082 1885 1301 1966 transmifit.

148 2001 257 2094 Sive,
271 2020 316 2079 ut
326 1999 394 2079 alii
405 2000 560 2094 volunt,
575 1995 849 2107 Theopompi,
863 1998 932 2105 qui
951 2018 1113 2078 centum
1133 1995 1303 2107 ampliirs

149 2112 264 2191 annis
283 2111 371 2221 post
383 2114 615 2221 Lycurgum
628 2108 908 2189 Lacedaemone
929 2110 1129 2218 regnabat,
1151 2140 1196 2190 ea
1215 2139 1304 2191 mo·

148 2222 303 2304 deratio
334 2222 426 2316 fuit,
453 2243 498 2303 ut
525 2221 758 2333 popularem
787 2219 1043 2330 Ephororum
1073 2223 1306 2332 potestatem

150 2334 396 2446 superiorem
415 2334 537 2444 quam
556 2333 665 2415 suam
678 2332 945 2427 constitueret,
959 2361 1084 2442 eoque
1098 2333 1200 2414 fatto
1216 2334 1305 2441 glo·

149 2448 273 2529 riatus
296 2447 367 2541 est,
388 2445 606 2527 stabilivisse
626 2446 662 2526 se
681 2472 864 2553 regnum,
885 2447 1092 2553 multoque
1112 2445 1236 2552 majus
1259 2475 1304 2527 ac

150 2559 377 2640 diuturnius
394 2560 484 2640 filiis
504 2557 723 2667 reliquiffe3
754 2557 987 2668 exemplum
1009 2555 1185 2666 profecto
1199 2556 1305 2639 haud

152 2671 330 2778 ignobile
343 2670 525 2752 hodierni
537 2698 646 2778 reges
658 2670 706 2750 ad
720 2670 958 2749 imitandum
970 2667 1193 2765 habuerint,
1206 2699 1305 2750 eun-

152 2783 249 2863 dem
283 2784 405 2864 etiam
438 2783 589 2863 confilii
623 2781 803 2863 tutiffimi
836 2781 1043 2862 authorem
1081 2783 1304 2890 egregium.

155 2894 360 3001 Majorem
385 2898 494 2976 enim
517 2894 672 3002 legibus
692 2894 900 2974 dominum
921 2914 966 2974 ut
992 2892 1212 3005 perferrent
1230 2895 1306 2976 ho·

154 3008 286 3088 mines
301 3006 507 3089 hominem
524 3035 660 3087 omnes
674 3034 815 3099 unum,
831 3005 938 3087 nulla
953 3006 1018 3086 lex
1031 3035 1206 3116 unquam
1222 3006 1307 3087 san-

154 3120 241 3215 xit;
273 3148 323 3201 ne
338 3122 470 3230 potuit
483 3120 647 3227 quidem
662 3116 819 3197 sancire.
882 3124 984 3309 Qff
997 3120 1105 3199 enim
1119 3119 1184 3198 lex
1199 3119 1306 3227 leges

157 3260 298 3313 omnes
312 3234 467 3327 evertit,
484 3230 563 3341 ipsa
580 3232 645 3310 lex
662 3230 736 3310 effe
750 3257 828 3309 non
849 3251 940 3339 pote
980 3291 988 3308 .
1049 3227 1159 3312 Cum
1175 3234 1306 3339 itaque

153 3343 375 3425 eversorem
400 3362 454 3440 te,
474 3362 514 3423 et
529 3342 764 3453 parricidam
779 3342 915 3449 legum
930 3343 1114 3422 omnium
1134 3344 1309 3450 rejiciant

156 3455 208 3537 ab
222 3455 261 3537 se
280 3456 402 3566 leges,
415 3455 609 3565 exemplis
629 3454 891 3561 redintegrare
911 3473 1125 3549 certamen,
1145 3454 1223 3535 hoc
1243 3485 1309 3536 ca-

158 3570 258 3679 pite,
274 3569 440 3649 conaris.
501 3568 708 3647 Faciamus
728 3567 859 3673 itaque
874 3567 1097 3675 periculum
1113 3568 1154 3646 in
1170 3595 1309 3647 exem-

156 3679 260 3790 plis:
278 3680 375 3793 saepe
388 3681 513 3774 enim,
528 3679 636 3787 quod
649 3678 755 3785 leges
770 3697 913 3772 tacent,
924 3697 964 3758 et
978 3678 1141 3758 tacendo
1154 3696 1308 3760 tantum

158 3793 353 3888 innuunt;
385 3793 425 3873 id
438 3792 622 3900 exempla
637 3787 855 3870 evidentius
868 3790 1023 3870 docent.
1082 3789 1148 3870 Ab
1165 3792 1309 3897 Judaeis

157 3903 449 4015 auspicabimur
467 3904 676 3984 voluntatis
695 3902 836 3982 divinae
854 3901 1163 3999 consultiffimis;
1188 3905 1310 4014 postea

156 4014 212 4097 ad
240 4017 468 4126 Chrssianos
497 4035 630 4096 tecum
660 4013 919 4121 descendemus.
980 4015 1145 4095 Initium
1177 4037 1310 4096 autem

159 4129 278 4210 altius
297 4131 468 4239 petitum
490 4127 540 4208 ab
562 4156 609 4208 eo
633 4146 810 4237 ternpore
831 4123 1012 4221 facimus,
1032 4155 1112 4234 quo
1133 4128 1311 4210 Israe'litae

159 4241 321 4350 regibus
334 4268 572 4351 quocunque
589 4239 708 4319 modo
720 4238 894 4344 subjecti,
903 4238 1050 4346 jugum
1066 4239 1164 4320 illud
1177 4241 1311 4320 servile

158 4352 378 4434 cervicibus
401 4355 639 4460 dejecerunt.
699 4352 791 4430 Rex
810 4350 1082 4431 Moabitarum
1100 4353 1231 4459 Eglon
1255 4354 1312 4433 Is-

161 4465 317 4546 melitae
343 4465 449 4546 bello
476 4463 701 4573 subegerat3
737 4461 868 4542 sedem
896 4463 1054 4573 imperii
1080 4465 1182 4544 inter
1209 4465 1310 4576 ipsos

159 4575 429 4658 Hierichunte
442 4574 644 4687 posuerat:
676 4575 850 4655 numinis
861 4596 1111 4685 contemptor
1123 4604 1201 4656 non
1215 4596 1311 4672 erat,

161 4688 264 4771 faeta
283 4691 392 4770 enim
407 4690 489 4770 Dei
503 4690 720 4779 mentione,
736 4686 759 4766 ὲ
774 4685 870 4768 solio
885 4685 1075 4767 surrexit:
1106 4687 1312 4769 servierant

160 4801 344 4894 Israelitae
354 4803 501 4911 Egloni
512 4829 633 4883 annos
648 4799 921 4907 duodeviginti
935 4827 945 4891 ;
965 4826 1044 4879 non
1060 4817 1105 4879 ut
1119 4796 1235 4895 hosti,
1250 4800 1313 4882 sed
