2888 5204
149 210 230 285 224
417 170 613 304 Joannis
638 165 846 301 Philippi
871 165 1019 298 Angli

146 344 304 424 sanandi
327 345 410 422 vim
435 343 558 422 ullam
580 340 771 437 habuisse,
793 343 851 423 sat
873 342 980 438 scio;
1009 372 1092 453 quo
1116 363 1154 424 te
1180 371 1273 424 aureo

145 456 293 536 scilicet
311 456 452 563 angelo
467 454 519 535 fic
532 455 674 563 opinor
686 454 857 564 stupere,
871 473 918 535 ut
931 474 1022 534 ante
1042 474 1082 536 te
1096 454 1274 536 Salmasius

145 569 294 649 coelum
312 567 412 646 illud
426 566 561 647 Caroli
575 595 739 646 aureum
751 586 792 647 et
810 567 980 647 sericum
997 566 1209 678 obstupuit,
1221 594 1276 647 ne-

145 707 224 789 que
242 676 321 758 hoc
339 679 440 759 coelo
460 683 677 787 quicquam
694 679 812 759 altius
827 706 987 759 cernere
1005 698 1172 788 uterque
1187 678 1277 760 vide·

147 791 264 884 mini,
284 809 352 870 aut
370 791 419 870 de
437 819 485 870 eo
504 793 721 899 quicquam
740 790 945 872 sublimius
963 792 1155 899 cogitare,
1180 788 1279 900 quim

145 929 311 984 aureum
330 901 419 981 effe.
480 902 761 1008 Florentffrna,
787 903 934 1011 inquis,
963 906 1209 985 Romanorum
1223 900 1280 1009 ref

139 1014 245 1123 publ.
260 1014 402 1095 exactis
419 1014 583 1121 regibus,
595 1014 982 1124 nunquamsubfistere
993 1017 1123 1125 potuit
1139 1013 1279 1097 donccin

147 1127 412 1209 Monarchiarn
434 1127 694 1234 redintegrata
707 1126 854 1233 fuerit
915 1128 1040 1240 Qud
1058 1147 1193 1209 contra
1209 1154 1281 1206 orn·

148 1241 264 1319 nium
289 1238 558 1320 Historiarum
588 1238 709 1319 fidem
744 1237 859 1349 plane
885 1238 965 1333 est;
996 1267 1084 1348 quae
1114 1239 1280 1321 testantur

145 1379 298 1444 omnes,
315 1353 541 1431 Romanam
553 1350 771 1461 Rempubl.
788 1350 857 1430 sub
872 1350 1109 1433 Consulibus
1126 1371 1167 1432 et
1181 1354 1279 1432 Sena·

147 1461 209 1543 tfis
228 1461 462 1544 authoritate
482 1464 531 1543 ad
550 1464 661 1544 illam
681 1463 998 1570 magnitudinem
1016 1464 1198 1545 crevisse:
1223 1459 1279 1542 sub

147 1577 434 1683 imperatorum
453 1575 547 1656 verb
566 1576 738 1668 luxuria,
768 1577 987 1683 tyrannide,
1014 1595 1133 1686 atque
1160 1573 1280 1659 inerti

148 1686 280 1766 statim
308 1685 559 1782 consenuisse,
589 1689 888 1797 imperiumque
922 1687 1036 1767 simul
1065 1706 1107 1767 et
1132 1686 1281 1797 glor'm

146 1795 242 1877 belli
262 1816 379 1906 atque
393 1798 552 1904 justitiae
570 1800 612 1878 in
632 1800 701 1878 illa
719 1798 843 1879 libera
857 1799 1016 1879 civitate
1029 1799 1130 1880 olim
1146 1816 1282 1910 pertin,¹

148 1909 217 1990 sub
232 1910 534 2020 imperatoribus
548 1910 629 1991 cito
641 1911 817 1991 amififfe.
868 1909 945 1991 Sed
957 1911 1055 2020 quod
1062 1911 1222 2019 Anglis,
1232 1910 1281 1989 iu*-

148 2023 252 2131 quis,
279 2023 388 2103 nimio
409 2026 503 2104 luxu
520 2041 559 2103 et
581 2022 756 2103 libertate
776 2022 929 2131 perdita
942 2020 1048 2130 sut't,
1075 2052 1147 2104 non
1172 2016 1283 2104 Caroli

146 2133 350 2245 tyrannidi,
363 2134 439 2242 sed
451 2135 585 2244 vessrae
606 2135 780 2244 nequitiae
797 2133 1074 2215 attribuendum
1092 2135 1155 2244 est.
1211 2134 1281 2214 lm·

148 2246 217 2327 mb
233 2247 328 2326 aulae
339 2245 568 2341 foediffimae,
581 2247 757 2356 regisque
772 2246 983 2357 voluptarii
998 2268 1117 2357 atque
1131 2240 1280 2357 ignaris·

147 2358 234 2437 fimi
246 2359 431 2468 exemplo
441 2357 544 2439 recti
556 2359 820 2453 attribuimus,
829 2359 877 2439 ad
888 2359 997 2465 cujus
1006 2360 1095 2439 vitre
1107 2360 1280 2439 rationem

146 2470 433 2580 quamplurimi
447 2469 522 2550 sese
537 2470 807 2579 composuere.v
836 2472 1094 2578 JamRegem
1106 2468 1279 2558 defendis,

145 2583 216 2690 qui
228 2582 720 2691 DucemBuckinghamiae
735 2583 914 2662 veneficii
929 2581 1148 2691 suspectum
1159 2579 1279 2691 legiler

144 2694 302 2804 erpuin
322 2696 437 2804 quast,
450 2697 595 2803 inquis,
609 2696 673 2775 hoc
685 2693 833 2802 regibus
851 2694 1001 2776 crimini
1015 2694 1189 2790 daretur,
1204 2685 1281 2804 quod
1319 2714 1321 2749 ²

146 2806 306 2887 omnibus
332 2825 475 2887 natura
501 2806 676 2901 concedit,
703 2825 747 2887 ut
762 2805 854 2912 suos
864 2807 1086 2914 familcbres
1111 2818 1278 2888 amarent.

148 2918 256 2998 Itane
278 2918 494 2999 Carnifex?
524 2918 659 2999 satisne
683 2946 820 3026 regem
842 2916 1016 2998 excusari
1039 2938 1168 3029 putas,
1191 2911 1281 3028 quod

147 3028 385 3111 familiarem
403 3031 517 3111 illum
532 3050 572 3111 et
585 3031 863 3110 amicissimum
879 3029 1075 3125 habuerit,
1092 3034 1164 3139 qui
1179 3028 1284 3141 patris

146 3143 228 3248 ejus
247 3172 398 3223 veneno
415 3143 553 3224 sublati
573 3139 595 3222 ὲ
615 3142 796 3252 supremo
814 3145 946 3252 Regni
968 3144 1155 3224 Concilio
1169 3142 1287 3253 postu·

144 3253 244 3336 latus
256 3257 372 3336 esset?
402 3258 459 3335 At
470 3256 566 3364 quid
579 3274 730 3366 poteras
743 3257 783 3333 in
794 3258 950 3363 Regem
962 3258 1132 3336 atrocius
1144 3254 1286 3336 dixisse.

146 3366 223 3448 Sed
234 3367 404 3449 credibile
422 3369 592 3476 nonfuit
603 3370 750 3448 Ducem
762 3368 1068 3475 Buckinglramiae
1081 3367 1230 3474 Jacobo
1240 3368 1289 3448 in·

130 3477 252 3582 fidias
249 3480 401 3589 struere
412 3483 520 3573 velle,
531 3479 598 3588 qui
607 3479 709 3558 illurn
720 3481 758 3560 in
769 3496 917 3560 tanturn
929 3481 1144 3589 potestatem
1155 3478 1297 3561 evexit.-

147 3592 260 3701 Qin
287 3592 415 3672 immb
445 3592 530 3671 satis
559 3611 699 3671 notum
725 3592 795 3684 est,
825 3620 954 3673 mores
982 3590 1292 3699 Buckinghamii

145 3703 297 3807 Jacobo
317 3704 476 3783 tandem
491 3705 661 3810 graviter
676 3702 924 3812 displicuisse,
938 3703 1041 3785 unde
1056 3704 1087 3785 is
1104 3731 1296 3814 magnum

144 3812 295 3893 malum
315 3816 385 3895 fibi
405 3834 596 3909 metuens,
611 3817 705 3895 duas
723 3815 897 3896 maxime
910 3844 968 3897 res
982 3818 1168 3927 deinceps
1182 3845 1296 3926 agere

144 3926 324 4020 instituit,
349 3945 451 4006 utet
470 3929 570 4034 patri
590 3956 730 4007 necem
750 3928 926 4020 strueret,
951 3947 991 4008 et
1008 3927 1092 4007 filio
1111 3956 1155 4009 os
1175 3928 1298 4009 subli-

144 4057 267 4132 neret,
295 4036 451 4147 ejusque
478 4040 645 4146 gratiam
671 4041 781 4119 omni
807 4040 933 4120 studio
960 4058 1158 4150 captaret;
1191 4040 1300 4150 quod

143 4148 246 4245 sane,
267 4149 428 4258 objedtis
447 4150 585 4256 juveni
611 4152 824 4232 moliffimo
843 4152 1094 4262 voluptatum
1112 4154 1301 4235 omnium

144 4261 355 4358 illecebris,
376 4264 507 4345 statim
529 4263 709 4374 perfecit.
770 4263 1058 4373 Reprehendis,
1085 4263 1197 4373 qubd
1220 4267 1302 4345 Ca·

140 4374 245 4456 rolus
271 4377 425 4457 Neroni
450 4376 612 4458 collatus
635 4379 693 4457 fit.
752 4379 872 4472 Nam,
895 4379 1040 4486 inquis,
1059 4378 1304 4486 Metropolim
