2888 5204
328 575 507 668 Contra
532 566 856 668 Alexandrum
881 573 1090 665 Morum.
1217 607 1294 690 373

143 741 213 822 bus
224 743 369 825 vidisti.
401 748 490 853 Ego
504 745 818 855 verdsrimpulsu
834 765 873 824 et
886 743 1291 838 ambitioneLibrarii

144 883 212 935 me
233 857 419 967 imperito
440 858 647 966 Scalptori‚
663 877 870 967 propterea
889 857 1026 966 quod'
1016 884 1057 934 m
1078 856 1173 935 urbe
1194 857 1292 936 alius

143 995 194 1046 eo
214 968 311 1049 belli
330 988 509 1078 tempore
533 998 612 1049 non
635 989 730 1063 erat,
751 968 902 1050 infabre
927 969 1178 1077 scalpendum
1202 997 1292 1078 per·

144 1080 248 1175 mifi,
263 1082 303 1160 1d
316 1109 381 1160 me
394 1081 604 1188 neglexrffe
618 1078 749 1190 potrus
762 1109 851 1161 eam
864 1110 949 1161 rem
965 1081 1166 1188 arguebat,
1183 1081 1293 1186 cujus

144 1210 188 1270 tu
205 1189 364 1271 mihi
325 1194 497 1272 nimium
509 1195 664 1273 cultum
678 1194 827 1300 objicis
875 1196 942 1273 Tu
958 1194 1120 1273 itidem
1109 1221 1141 1272 rs
1156 1222 1196 1272 es
1200 1194 1294 1301 ,qui

142 1303 465 1385 clariffimum
429 1334 573 1402 virum,
601 1307 765 1385 Consilii
797 1303 925 1385 Status
959 1326 1044 1385 tum
1074 1305 1291 1398 Praefidem,

143 1417 398 1497 contumeliis
410 1417 608 1510 inceffisti3
627 1418 675 1497 de
688 1447 767 1526 quo
781 1420 914 1497 iratior
917 1446 1056 1524 ,quam
1068 1418 1115 1497 de
1129 1417 1292 1524 meipso,

143 1528 302 1636 quaefivi
317 1558 367 1609 ex
381 1549 418 1609 te
432 1530 528 1636 quid
543 1530 648 1609 aliud
663 1530 755 1609 etiet
771 1529 1002 1608 calumniari
1014 1527 1205 1637 perpetuo
1220 1527 1293 1607 bo-

143 1667 232 1734 nos,
245 1669 366 1749 quam
386 1642 458 1721 effe
472 1641 689 1721 diabolum.
749 1642 859 1720 Hinc
879 1661 920 1720 tu
938 1640 1144 1750 pulchram
1160 1644 1293 1719 nadtus

142 1749 420 1861 hypocritandi
440 1754 682 1833 occasionem
703 1782 752 1832 ex
771 1755 1008 1832 Crantziana
1025 1753 1208 1832 videlicet
1227 1779 1292 1831 ca-

144 1863 313 1959 lumnia,
328 1866 434 1974 quafi
448 1894 522 1973 ego
538 1866 706 2055 Chrssil
695 1865 898 1945 doetrinam
913 1866 955 1945 de
970 1863 1150 1946 Divertio
1169 1894 1292 1974 quem·

142 1974 374 2058 admodum
352 2008 377 2056 a
399 1974 514 2058 Theoi
495 1977 586 2084 logis
603 1979 693 2086 expl
689 1977 785 2057 icari
781 1976 865 2083 sol
860 1996 911 2071 et,
847 1976 1068 2058 ldiabol
1052 2006 1144 2057 ecam
1172 1975 1293 2055 dixis-

143 2086 243 2183 sem,
259 2091 330 2199 qui
350 2108 432 2169 ater
458 2088 579 2169 modo
599 2118 682 2170 eras
702 2109 741 2168 et
768 2090 1166 2182 maledicentiffimus‚
1187 2116 1292 2167 nunc

142 2199 256 2281 albus
276 2200 434 2311 repente
456 2202 593 2296 factus,
614 2221 653 2281 et
673 2202 781 2280 mitis
800 2222 840 2281 et
859 2204 1009 2311 patiens
1027 2202 1110 2308 agis
1124 2201 1291 2307 gratias,

143 2310 254 2420 quod
280 2331 319 2392 te
344 2317 523 2394 communi
545 2343 625 2393 cum
654 2344 707 2393 coe
708 2314 787 2422 lqli
770 2313 975 2396 idedeina
994 2314 1152 2393 convitio
1170 2312 1293 2418 hones-
1320 2366 1322 2370 -

118 2441 122 2447 ’
141 2441 231 2503 tem
233 2426 520 2554 —Hyaenal
552 2445 619 2505 aut
639 2426 743 2533 siqua
763 2426 837 2505 alia
857 2427 912 2504 est
931 2425 1074 2518 bellua,
1092 2443 1172 2503 tam
1195 2424 1292 2504 tetra

143 2533 282 2616 fraude
300 2540 418 2616 noxia
431 2557 548 2647 atque
562 2535 741 2617 infamis!
764 2534 857 2617 tune
866 2537 1063 2621 coelestem
1076 2535 1294 2616 doctrinam

143 2667 204 2727 tot
221 2669 380 2729 tuorum
397 2648 618 2731 facinorum
631 2650 780 2758 asylum
795 2670 912 2757 atque
926 2648 1156 2758 perfugium
1167 2647 1292 2757 speras

143 2758 258 2840 fore?
317 2763 393 2841 Sed
409 2791 527 2871 perge
541 2761 621 2870 qud
641 2763 792 2841 tendis:
825 2763 852 2840 s1
868 2761 976 2841 enim
988 2762 1292 2868 Theologorum

143 2872 297 2979 quasvis
309 2874 589 2984 explicationes
603 2903 674 2983 pro
684 2874 830 2954 coelesti
843 2875 1018 2954 doctrina
1031 2873 1292 2982 amplecteris,

144 3002 230 3064 toto
245 2986 361 3080 coelo,
374 3006 419 3067 ut
440 3004 476 3067 te
490 2989 657 3094 dignum
670 2986 739 3080 est,
753 3014 868 3067 erras.
929 2988 1040 3096 Qin
1056 3005 1096 3065 et
1113 2984 1293 3094 Apostoli

144 3095 357 3203 gloriosum
372 3099 471 3178 illud
483 3128 577 3179 cum
588 3098 720 3177 bestiis
733 3098 937 3207 pugnandi
951 3099 1184 3205 martyrium
1199 3096 1293 3176 tibi-

144 3226 230 3287 met
255 3210 390 3290 tribuis
415 3212 670 3320 nequiffime3
702 3212 772 3318 qui
800 3239 924 3320 nuper
951 3238 1029 3290 non
1050 3208 1173 3289 homo
1198 3237 1292 3288 cum

144 3319 282 3414 bestia,
296 3320 360 3401 sed
371 3323 450 3431 ipse
466 3324 585 3403 bestia
599 3351 692 3402 cum
705 3320 883 3416 homine,
893 3322 995 3401 idest
1007 3350 1101 3402 cum
1113 3319 1291 3413 foemina,

144 3431 195 3511 de
213 3431 290 3511 fide
305 3434 530 3515 connubiali
550 3434 617 3514 abs
637 3455 674 3514 te
691 3454 805 3544 rupta
821 3461 998 3543 pugnam
1014 3453 1094 3513 tam
1110 3431 1292 3512 inhones-

145 3562 229 3625 tam
238 3547 445 3682 pugnasti
507 3547 698 3627 Reversus
718 3548 858 3625 deinde
879 3547 926 3625 ad
947 3573 1075 3625 mores
1095 3545 1291 3654 pristinos,

143 3653 376 3766 solitamque
383 3659 626 3765 Jadtanuam
643 3660 810 3740 dicendo
823 3687 888 3738 me
901 3685 1101 3768 provocas.
1162 3658 1293 3766 Neque

143 3767 249 3863 verb,
278 3771 422 3879 inquis,
448 3771 542 3851 mihi
556 3788 703 3850 tantum
722 3770 865 3878 deroga,
886 3798 1094 3909 quanquam
1111 3769 1211 3849 nihil
1223 3797 1292 3848 ar-

142 3908 245 3987 rogv,
268 3899 311 3960 ut
330 3900 367 3961 te
386 3881 598 3963 commodius
616 3881 832 3990 autsacil
798 3913 855 3963 tus
872 3881 980 3992 queim
995 3910 1050 3960 me
1057 3899 1186 4010 putem
1197 3880 1292 3990 poffl’

142 3989 277 4072 dicere.
338 3995 525 4075 Concedo
550 3996 751 4103 equidem,
776 3996 804 4075 fi
830 3990 902 4074 tibi
922 3993 1071 4074 istum
1060 4022 1100 4072 m
1125 3994 1292 4073 modum

145 4100 268 4183 furan
282 4103 391 4186 hcet
413 4105 495 4186 haec
507 4135 616 4186 emm
628 4106 999 4217 ipsaverba,qu1bus
1011 4133 1169 4215 copiam
1182 4124 1293 4186 tuam

144 4217 335 4311 venditas,
357 4221 597 4299 exoratione
618 4220 750 4299 Marci
770 4220 899 4299 Tullii
915 4248 987 4329 pro
1004 4218 1148 4299 Roscio
1167 4220 1292 4298 Ame-

144 4329 232 4408 rino
260 4330 496 4438 apertiffime
522 4331 672 4412 furatus
700 4360 753 4411 es.
813 4333 947 4439 Atque
975 4329 1069 4411 hinc
1099 4350 1196 4440 puto
1221 4330 1290 4422 est,

143 4438 253 4548 quod
270 4443 594 4523 Francofurtanas
609 4445 802 4524 nundinas
821 4444 1014 4523 librorum
1035 4460 1194 4522 tuorum
1212 4443 1291 4520 Ca-

142 4551 277 4659 talogo
295 4572 378 4633 tam
389 4555 547 4665 copioso
561 4556 672 4635 nobis
688 4552 924 4635 obtrudas
886 4583 980 4635 cum
992 4555 1190 4634 editorum
1203 4572 1290 4631 tum

142 4663 413 4747 edendorum:
448 4696 498 4747 ex
517 4668 661 4797 quibus
679 4667 802 4775 aliqui
828 4666 915 4746 sunt
933 4695 1032 4775 quos
1049 4666 1180 4745 videre
1205 4663 1289 4771 ges-

140 4777 269 4873 tiam3
299 4797 340 4859 et
362 4780 560 4889 imprimis
581 4779 697 4860 illum
716 4778 759 4860 de
773 4778 909 4887 gratia
927 4780 1000 4860 etl
981 4777 1093 4859 libere
1114 4776 1289 4872 arbitrio,
