2888 5204
504 550 743 654 Desenfio.
783 558 902 690 Cap.
930 595 980 680 4.
1041 570 1044 575 ’
1265 577 1315 685 83

159 730 342 815 Theatro
360 733 512 816 medias
526 735 710 818 mulieres
726 739 947 847 petulanter
958 730 1159 849 amplecti,
1176 757 1216 819 et
1230 740 1316 821 sua-

156 846 274 940 viari,
287 846 357 956 qui
369 847 574 955 virginum
592 868 633 930 et
647 869 916 932 matronarum
926 852 1105 960 papillas,
1119 879 1168 932 ne
1184 853 1315 934 dicam

155 977 311 1053 eetera,
339 963 573 1069 pertractare
605 962 647 1040 in
678 963 888 1154 propatulo
917 964 1195 1044 consueverat?
1251 965 1315 1046 Te

156 1098 277 1179 porro
288 1098 434 1152 moneo
448 1071 753 1184 Pseudoplutare
783 1103 819 1170 e,
831 1092 876 1155 ut
887 1073 1103 1157 istiusmodi
1117 1075 1315 1159 Parallelis

156 1183 408 1292 ineptissimis
426 1173 572 1265 dehinc
591 1186 847 1296 supersedeas,
864 1214 912 1266 ne
933 1215 1022 1296 ego,
1035 1216 1122 1298 quae
1140 1206 1311 1270 tacerem

154 1295 308 1405 alioqui
335 1294 462 1379 libens
480 1299 530 1378 de
560 1297 719 1395 Carolo,
739 1299 885 1381 necesse
905 1296 1073 1380 habeam
1092 1301 1308 1382 enuntiare.

155 1406 312 1489 Contra
323 1428 506 1517 tyrannos
518 1410 615 1520 quid
628 1409 1096 1521 tentatumAPopuloaut
1104 1417 1309 1521 peractum

153 1516 294 1614 suerit,
313 1539 355 1600 et
372 1548 454 1629 quo
466 1521 571 1628 jure,
593 1550 662 1632 per
680 1551 726 1603 ea
745 1541 922 1634 tempora
942 1523 1084 1632 quibus
1101 1524 1180 1633 ipse
1196 1527 1309 1606 Deus

153 1630 422 1713 Hebraeorum
433 1634 616 1744 rempub.
639 1634 707 1715 suo
722 1654 821 1715 nutu
834 1663 880 1714 ac
892 1635 1013 1715 verbo
1026 1635 1133 1745 quafi
1148 1637 1308 1745 praesens

151 1742 332 1850 regebat,
351 1742 539 1826 haetenus
557 1745 694 1855 liquet.
753 1748 853 1858 Qae
864 1746 1076 1855 sequuntur
1087 1766 1215 1828 aetates
1228 1776 1308 1829 non

151 1880 227 1936 nos
245 1855 313 1936 sua
331 1854 567 1939 authoritate
586 1859 749 1954 ducunt,
770 1859 835 1939 sed
854 1859 902 1938 ad
922 1858 1118 1964 majorum
1147 1859 1307 1941 suorum

151 1992 339 2050 normam
358 1971 602 2051 strationem
616 1973 750 2051 omnia
764 1973 991 2079 dirigentes,
1005 1972 1224 2053 imitatione
1241 1972 1307 2052 sua

149 2080 327 2162 nostram
339 2081 615 2163 tantummodo
624 2083 873 2164 confirmant.
928 2082 1037 2164 Cum
1049 2085 1180 2193 itaque
1193 2087 1305 2165 Deus

149 2190 242 2300 post
258 2194 833 2304 captivitatemBabylonicam
852 2194 1008 2278 nullum
1028 2197 1075 2276 iis
1092 2197 1141 2276 de
1162 2197 1302 2306 repub.

150 2305 388 2387 mandatum
415 2306 578 2387 dedisset
612 2335 774 2402 novum,
803 2307 983 2417 quamvis
1016 2310 1123 2416 regia
1154 2308 1304 2390 soboles

148 2416 328 2498 extincta
346 2446 425 2499 non
444 2419 551 2514 esset,
572 2419 620 2500 ad
640 2423 843 2529 antiquam
858 2435 898 2498 et
910 2418 1132 2499 Mosaicam
1147 2420 1301 2530 reipub.

149 2525 326 2611 sormam
338 2550 593 2612 reverterunt.
653 2528 854 2612 Antiocho
868 2531 985 2639 Syriae
1000 2530 1099 2638 regi,
1112 2533 1179 2612 cui
1194 2552 1304 2613 erant

149 2643 376 2750 vectigales,
390 2642 547 2753 ejusque
564 2643 800 2753 praefidibus,
817 2642 923 2752 quod
943 2643 975 2722 is
994 2645 1115 2724 vetita
1130 2644 1301 2756 impera·-

149 2771 224 2848 ret,
246 2782 319 2863 per
332 2754 578 2836 Maccabeos
601 2756 804 2865 pontifices
829 2756 1073 2848 restiterunt3
1105 2755 1220 2866 seque
1240 2785 1302 2836 ar-

149 2867 227 2946 mis
261 2867 304 2946 in
337 2866 559 2948 libertatem
587 2868 857 2963 vindicarunt;
901 2867 1126 2974 dignislrmo
1161 2868 1301 2949 deinde

146 2977 296 3086 cuique
323 2980 587 3090 principatum
611 2980 828 3060 dederunt:
858 2978 985 3059 donec
1008 2979 1219 3086 Hyrcanus
1238 2982 1301 3060 Si-

148 3091 282 3171 monis
299 3090 413 3196 Judae
430 3091 645 3172 Maccabaei
658 3090 786 3173 fratris
801 3091 919 3185 filius,
940 3091 1114 3200 expilato
1134 3093 1300 3172 Davidis

147 3199 342 3310 sepulcro,
355 3204 527 3285 militem
537 3223 746 3284 externum
757 3204 874 3296 alere,
889 3221 928 3283 et
939 3204 1090 3311 regiam
1101 3205 1299 3311 quandam

146 3313 381 3423 potestatem
395 3317 562 3422 adjicere
578 3315 790 3397 sacerdotio
804 3315 951 3425 coepit;
981 3315 1085 3395 unde
1101 3315 1204 3396 silius
1217 3316 1298 3424 ejus

146 3425 397 3508 Aristobulus
415 3428 596 3509 diadema
610 3428 679 3508 sibi
694 3429 845 3538 primus
860 3425 1059 3536 imposuit.
1121 3426 1240 3508 Nihil
1256 3430 1297 3508 in

145 3564 244 3618 eum
271 3539 441 3649 populus
464 3542 643 3648 quamvis
674 3559 883 3650 tyrannum
908 3539 1035 3618 movit
1054 3556 1122 3619 aut
1137 3539 1298 3621 molitus

144 3648 228 3744 est3
259 3676 387 3760 neque
406 3653 569 3746 mirum,
589 3678 738 3732 annum
756 3649 1032 3731 tantummodo
1050 3669 1294 3758 regnantem.

147 3759 237 3871 Ipse
261 3765 382 3844 etiarn
408 3763 547 3844 morbo
574 3764 797 3872 graviffimo
823 3780 1040 3871 correptus.
1071 3781 1111 3842 et
1139 3761 1296 3844 suorum

145 3871 370 3955 facinorum
389 3877 618 3986 poenitentid
636 3876 776 3956 duetus
790 3893 962 3955 mortem
982 3873 1052 3954 fibi
1066 3893 1201 3984 optare
1217 3904 1295 3956 non

145 3985 311 4081 destitit,
334 3988 461 4068 donec
488 3988 590 4068 inter
611 4016 658 4069 ea
675 4007 767 4069 vota
795 3988 1002 4097 expiravit.
1062 3986 1158 4092 Ejus
1177 3986 1297 4069 frater

145 4095 375 4180 Alexander
391 4101 596 4210 proximus
615 4100 815 4209 regnabat.
876 4101 1020 4178 Contra
1039 4098 1138 4179 hunc
1156 4101 1212 4180 ais
1231 4129 1295 4182 ne-

143 4210 275 4291 minem
293 4210 538 4323 insarmxrffl,
559 4232 743 4321 tyrannus
762 4239 857 4291 cum
878 4210 984 4290 esset.
1045 4212 1084 4288 Ο
1107 4231 1144 4291 te
1165 4211 1296 4294 secure

144 4324 418 4405 mendacemfi
433 4323 819 4435 periiffetJosephus‚
830 4322 987 4402 restaret
999 4320 1156 4403 tanthm
1167 4325 1296 4434 Jostp-

135 4454 214 4547 pm
233 4453 324 4517 tuus
346 4464 398 4517 ex
424 4463 505 4544 quo
529 4434 804 4546 phariseorum
831 4434 1009 4544 quedam
1035 4435 1181 4518 nullius
1208 4438 1296 4518 usus

140 4545 481 4658 apophthegmata
500 4548 713 4658 depromis.
774 4551 853 4628 Res
873 4548 1005 4656 itaque
1026 4547 1076 4627 src
1095 4548 1132 4628 se
1153 4547 1293 4642 habet3

143 4660 390 4755 Alexander,
418 4656 512 4742 ciam
538 4678 578 4741 et
600 4661 711 4742 dorni
741 4679 781 4740 et
806 4659 958 4739 militiae
977 4658 1174 4769 rempubl.
1192 4659 1296 4739 male

141 4772 447 4869 administraret,
466 4773 646 4882 quamvis
667 4798 810 4881 magna
831 4770 1047 4852 Pifidarum
1064 4789 1104 4850 et
1120 4770 1296 4852 Cilicum
