2888 5204
477 552 717 656 Defenfio.
761 560 880 691 Cap.
911 563 955 653 8.
1219 602 1289 682 151

116 720 125 735 ⁵
171 736 370 813 radionus.
390 732 418 811 l.
441 759 525 812 1.c.
544 731 582 811 8.
615 735 703 812 Non
717 732 765 840 est
779 761 848 811 rex
864 729 929 811 ubi
940 729 1148 811 dominatur
1162 734 1294 812 volun-

213 862 253 923 ιι
267 873 338 925 non
357 845 428 925 lex.
462 846 516 923 Et
530 844 557 925 l.
577 869 614 950 3.
631 871 667 922 c.
686 871 724 949 9.
743 873 811 923 rex
826 844 875 952 ιβ
893 845 977 925 dum
996 843 1082 923 beni
1100 846 1214 951 regit,
1235 866 1294 956 ty-

211 985 285 1036 nus
314 956 399 1036 dum
421 956 597 1065 populum
616 955 699 1061 fibi
727 954 906 1036 creditum
933 956 1094 1035 violenta
1123 959 1295 1067 opprimit

216 1068 392 1148 inotione.
452 1072 505 1148 Et
520 1067 686 1160 ibidem,
702 1096 872 1148 exercere
882 1066 985 1147 debet
1002 1097 1071 1147 rex
1083 1069 1293 1178 potssatem

145 1176 157 1197 ⁶
179 1182 253 1275 ris,
269 1198 313 1260 ut
323 1180 493 1260 vicarius
503 1199 541 1286 et
554 1179 715 1287 minister
726 1180 808 1260 Dei
817 1211 831 1271 ,·
843 1179 1132 1288 potssosautem
1145 1181 1295 1288 injuriae

171 1293 180 1309 “
226 1293 281 1373 oli
296 1292 359 1400 est,
374 1321 444 1373 non
456 1292 564 1373 Dei:
594 1320 676 1371 cum
691 1291 851 1372 declinat
865 1290 918 1370 od
927 1289 1102 1396 injuriam
1113 1322 1195 1387 rex,
1211 1293 1294 1373 dio-

145 1492 149 1505 ,
180 1405 216 1487 li
229 1404 393 1513 minsser
415 1405 475 1513 est.
536 1404 689 1482 Eadem
713 1402 838 1484 ferme
862 1401 981 1482 habet
999 1404 1171 1484 vetustus
1198 1406 1295 1486 alter

204 1518 214 1534 ‘
232 1516 444 1610 consultus,
459 1515 550 1595 libri
566 1515 672 1595 illius
686 1513 827 1595 author
842 1515 911 1622 qui
928 1516 962 1594 F
964 1516 1041 1595 leta
1056 1516 1292 1610 inscribitur,

183 1656 301 1709 emor
315 1656 458 1737 nempe
472 1646 636 1735 uterque
651 1646 691 1706 et
706 1628 804 1735 legis
819 1628 924 1706 illius
940 1627 1187 1721 Eduardinae,
1203 1627 1293 1708 vere

135 1760 139 1765 '
168 1741 308 1822 uidem
325 1741 456 1848 regiae,
469 1758 510 1818 et
521 1740 665 1846 regulae
680 1739 786 1818 illius
800 1740 939 1845 injure
955 1739 1086 1819 nostro
1101 1742 1296 1849 primariae

190 1880 260 1932 me
286 1851 399 1961 supra
425 1853 550 1944 diuae,
577 1880 655 1959 qua
685 1848 786 1929 nihil
806 1853 887 1931 Dei
912 1852 1065 1958 legibus
1091 1870 1131 1932 et
1153 1853 1294 1932 rationi

116 1966 386 2049 rsseontrarium
405 1961 541 2042 haberi
561 1992 632 2072 pro
652 1963 739 2069 lege
759 1962 907 2072 potest;
936 1964 995 2042 uti
1019 1992 1091 2042 nee
1111 1984 1295 2071 tyrannus

141 2104 216 2207 pro
227 2103 336 2182 rege,
350 2103 422 2155 nec
434 2074 609 2155 minister
621 2074 768 2154 diaboli
783 2103 855 2184 pro
871 2076 1048 2155 ministro
1060 2078 1155 2155 Dei.
1187 2078 1295 2155 Cum

141 2207 277 2296 itaque
293 2187 358 2267 lex
373 2185 548 2267 maxime
565 2189 664 2267 ratio
680 2189 784 2266 resta
800 2187 845 2266 fit
858 2187 1051 2294 fiquidem
1065 2190 1163 2295 regi,
1176 2189 1296 2297 fiqui-

141 2301 238 2381 dem
258 2301 339 2379 Dei
358 2299 537 2379 ministro
555 2298 820 2378 obediendum
840 2299 909 2393 est,
929 2299 1066 2378 elidem
1085 2301 1238 2409 prorsus
1258 2317 1298 2378 et

143 2414 295 2495 ratione
312 2430 355 2492 et
370 2413 473 2519 lege,
494 2429 658 2519 tyranno
678 2430 717 2490 et
735 2410 882 2490 diaboli
902 2410 1080 2490 ministro
1095 2413 1170 2490 erit
1189 2411 1297 2491 relis-

143 2524 325 2607 tendum.
385 2526 439 2603 Et
454 2524 644 2632 quoniam
658 2523 708 2602 de
723 2524 884 2602 nomine
898 2522 1031 2632 saepius
1046 2551 1168 2631 quam
1187 2524 1236 2603 de
1256 2550 1297 2603 re

144 2635 377 2743 ambigitur,
394 2636 552 2715 tradunt
567 2635 703 2728 iidem,
720 2661 854 2740 regem
869 2636 1039 2742 Angliae,
1056 2636 1206 2715 etiamst
1226 2663 1298 2714 no-

144 2776 241 2829 men
261 2749 364 2854 regis
381 2748 558 2827 nondum
574 2747 801 2856 perdiderit,
811 2747 981 2852 judicari
1001 2766 1132 2827 tamen
1148 2766 1192 2827 ut
1207 2749 1298 2856 qui-

145 2860 245 2941 libet
260 2859 282 2940 ὲ
297 2858 432 2967 vulgo,
449 2880 490 2938 et
508 2859 614 2968 poffe
630 2878 670 2939 et
684 2857 841 2938 debere.
902 2862 1084 2939 Braiton.
1107 2861 1134 2938 l.
1155 2889 1189 2939 1.
1204 2888 1240 2940 c.
1257 2859 1296 2939 8.

146 2974 181 3052 F
182 2972 275 3052 leta.
298 2971 325 3050 l.
352 2997 388 3051 1.
410 3000 447 3052 c.
469 2994 531 3078 17.
562 2973 651 3051 Non
670 2967 772 3050 debet
791 2969 854 3079 effe
872 2999 959 3077 rege
976 2971 1095 3077 major
1113 2971 1300 3081 quffquom

146 3083 187 3164 in
201 3082 419 3165 exhibitione
426 3081 561 3188 juris;
590 3083 759 3163 minimus
772 3103 894 3162 autem
914 3083 978 3193 effe
992 3082 1094 3163 debet
1114 3084 1299 3190 injudicio

130 3193 378 3305 fiescipiendo,
377 3197 422 3300 β
422 3212 571 3304 peccat,
586 3195 654 3274 alii
670 3195 808 3301 legunt
808 3193 853 3299 β
856 3196 1164 3302 petat,Judicari
1177 3196 1300 3304 igitur

145 3335 244 3389 cum
263 3308 402 3388 debeat
421 3336 490 3387 rex
510 3307 653 3401 noster,
674 3307 749 3386 five
767 3308 919 3412 tyranni
939 3306 1007 3385 sub
1028 3308 1202 3401 nomine,
1224 3309 1299 3388 five

147 3421 269 3526 regis,
288 3446 387 3525 quos
406 3417 547 3500 habeat
566 3420 663 3498 item
677 3417 829 3522 judices
849 3417 1047 3524 legitimos
1066 3419 1173 3499 diebu
1193 3420 1298 3499 diffi-

148 3533 226 3613 cile
240 3558 320 3610 non
335 3529 452 3612 debet
463 3530 551 3612 effe.
602 3529 772 3610 Eosdem
786 3530 984 3610 consulere
1000 3528 1181 3610 authores
1194 3529 1298 3611 haud

148 3643 262 3754 pejus
274 3643 361 3725 erit.
384 3644 566 3724 Braeton.
581 3643 656 3723 1.2.
670 3669 707 3721 c.
721 3643 784 3720 16.
811 3641 973 3721 Fletal.
988 3669 1021 3721 1.
1036 3671 1072 3721 e.
1086 3665 1149 3749 17.
1177 3645 1300 3751 Inpo-

142 3755 233 3866 pulo
242 3753 398 3862 regendo
407 3785 475 3834 rex
487 3752 822 3862 habetfirperiores,
836 3753 961 3860 legem,
967 3772 1040 3863 per
1051 3754 1300 3862 quomfabius'

146 3868 212 3977 ιβ,
224 3895 309 3960 rex,
318 3885 356 3946 et
366 3867 510 3948 curiam
507 3866 636 3972 suam,
649 3865 821 3946 videlicet
832 3866 974 3945 comites
984 3868 1219 3946 etBorones:
1240 3896 1300 3947 co-

147 3979 257 4069 nites,
265 3977 444 4060 dicuntur
454 3977 652 4089 quasisocii
663 3976 775 4083 regis,
788 3995 825 4056 et
835 3978 902 4087 qui
911 3977 1179 4083 liabetsocium,
1191 3979 1303 4060 habet

148 4090 393 4200 magistrum
422 4110 460 4171 et
478 4089 553 4171 idei
561 4090 606 4196 β
621 4118 689 4169 rex
700 4089 832 4196 fuerit
840 4089 925 4195 fine
932 4089 1080 4197 sraeno,
1101 4089 1143 4171 id
1162 4092 1210 4200 ιβ
1219 4094 1304 4196 stne

149 4205 244 4312 lege,
260 4202 388 4283 debent
402 4204 439 4283 ei
450 4203 626 4310 fraenum
647 4218 795 4309 ponere.
858 4204 1057 4281 Barouum
1076 4222 1210 4283 autem
1230 4232 1302 4285 no·

149 4317 262 4397 mine
280 4315 483 4425 plebeium
501 4315 682 4395 ordinem
699 4311 982 4421 comprehendi
1002 4313 1114 4422 supra
1134 4315 1303 4395 ostendi-

150 4455 269 4522 mus;
298 4429 395 4536 quin
422 4446 462 4508 et
481 4428 597 4507 Pares
618 4426 738 4505 etiam
758 4426 996 4505 Parlamenti
1016 4426 1172 4505 eosdem
1191 4425 1302 4519 fuisse

149 4541 294 4632 diebos,
311 4539 402 4621 libri
418 4539 554 4647 legum
570 4536 788 4619 nostrarum
803 4538 954 4644 antiqui
969 4538 1108 4647 paffim
1124 4539 1303 4620 tradunt:

149 4670 195 4734 et
212 4651 411 4760 imprimis
430 4651 529 4732 liber
545 4651 612 4731 ille
628 4651 692 4729 cui
714 4649 864 4743 titulus,
882 4649 1120 4729 Parlamenti
1137 4650 1303 4746 modus;

150 4764 377 4873 Eligentur,
400 4765 531 4875 inquit
549 4762 592 4844 de
616 4760 777 4842 omnibus
800 4761 911 4869 regni
920 4761 1092 4872 paribus.
1120 4786 1187 4870 25.
1203 4790 1306 4870 quo-
