2888 5204
243 598 296 679 66
511 587 604 682 Pro
629 578 814 716 Populo
838 577 1107 713 Anglic'ano
1219 589 1222 593 ’

244 756 425 868 scriptam
445 759 554 839 enim
573 757 641 838 sub
663 758 833 858 Claudio
851 775 892 839 et
913 756 1015 837 hanc
1035 757 1256 866 Epistulam
1280 755 1386 838 sitisse

243 872 461 951 certiffimis
491 872 732 980 argumentis
762 872 906 950 evincit
935 869 1160 950 Ludovicus
1187 871 1387 979 Capellus.

246 984 311 1062 De
333 985 495 1064 Nerone
514 1012 609 1063 cum
625 985 868 1063 mentionem
884 981 979 1062 facit
988 982 1132 1063 Paulus
1144 1010 1225 1063 non
1239 1010 1387 1091 regem,

246 1094 309 1175 sed
326 1099 498 1190 Leonem,
519 1096 558 1175 id
573 1094 628 1175 est
643 1094 815 1175 belluam
836 1097 1052 1174 innnanem
1071 1113 1198 1191 vocat,
1215 1094 1326 1201 cujus
1340 1121 1389 1173 ex

245 1236 313 1287 ore
327 1227 507 1318 ereptum
523 1208 560 1287 se
572 1207 731 1317 gaudet,
747 1233 768 1286 a
783 1209 895 1287 Tim.
906 1232 946 1307 4.
979 1208 1056 1288 Pro
1072 1206 1228 1315 regibus
1244 1208 1388 1315 itaque,

247 1348 325 1399 non
346 1350 418 1430 pto
437 1320 592 1416 belluis,
611 1318 803 1412 orandum,
819 1318 992 1399 ntoitom
1006 1319 1250 1429 tranquillane
1261 1338 1299 1400 et
1311 1317 1391 1428 qui-

245 1449 343 1512 etan
356 1432 617 1541 tranfigomns,
636 1462 717 1514 curn
730 1431 872 1542 pietate
887 1449 1017 1510 tamen
1036 1430 1135 1512 omni
1144 1451 1182 1513 et
1199 1431 1389 1541 longlare.

248 1545 370 1625 Vides
390 1574 468 1625 non
489 1565 570 1626 tam
589 1571 730 1650 regum
750 1541 815 1623 hle
835 1571 956 1653 quam
976 1543 1282 1652 tranquillitatis,
1308 1544 1390 1650 pie·

249 1659 351 1751 tatis,
362 1656 572 1737 honestatis
586 1659 705 1736 etiam
722 1657 913 1736 rationem
928 1654 1002 1735 effe
1015 1653 1250 1736 habendam.
1292 1654 1375 1767 Qi

246 1789 380 1849 autem
399 1770 569 1880 populus
588 1796 668 1848 non
683 1768 720 1848 se
736 1766 896 1877 suosque
915 1766 1057 1847 liberos
1077 1768 1222 1848 tuendo
1244 1766 1393 1875 (contra

247 1900 457 1987 tyrannum
477 1909 524 1960 an
540 1901 675 1961 contra
688 1877 840 1960 hostem
861 1879 917 1959 nil
936 1879 1111 1986 interest)
1123 1881 1248 1960 vitam
1248 1878 1391 1987 sollici·

247 2010 339 2087 tom,
353 1994 566 2104 inquietam,
581 1993 821 2086 bellicosam,
834 1990 1037 2073 honestam
1049 2018 1178 2099 agere,
1191 1989 1314 2102 quim
1324 1988 1391 2071 sub

248 2101 357 2185 hoste
373 2106 436 2185 vel
456 2125 636 2212 tyrann0,
659 2133 738 2184 non
759 2105 886 2184 solbm
909 2102 1017 2212 aeque
1041 2102 1249 2184 sollicitam
1272 2124 1314 2183 et
1331 2104 1392 2183 in-

247 2218 437 2324 quietam,
462 2218 526 2297 sed
546 2237 704 2326 turpem
722 2220 857 2311 etiam,
878 2216 1056 2296 servilem
1074 2235 1114 2295 et
1131 2213 1390 2297 inhonestam.

248 2330 441 2438 Teipsum
460 2331 598 2411 testem
617 2328 827 2423 adhibebo,
848 2356 926 2408 non
951 2356 1032 2437 quo
1053 2330 1150 2409 tanti
1177 2328 1238 2423 srs,
1267 2327 1396 2408 sed-ut-

247 2442 482 2551 perspiciant
496 2469 632 2523 omnes
647 2438 768 2550 quim
783 2441 828 2521 fis
842 2440 1049 2550 duplex,et
1061 2438 1346 2534 fraudulentus,
1354 2456 1393 2519 et

249 2557 493 2663 mancipium
522 2555 625 2662 regis
654 2555 955 2634 mercenarium.
1013 2551 1121 2659 Qeis,
1150 2554 1297 2662 inquis,
1326 2581 1394 2635 non

242 2666 417 2773 perferre
435 2666 562 2747 mallet
580 2666 618 2746 in
637 2665 780 2775 republ.
811 2664 1086 2772 Aristocratico
1111 2694 1156 2744 ex
1178 2664 1393 2775 optimatum

247 2779 477 2858 emulatione
498 2777 714 2888 diffenfiones
741 2778 838 2858 oriri
847 2775 997 2884 solitos,
1051 2775 1137 2857 uim
1155 2807 1201 2859 ex
1224 2806 1294 2857 uno
1320 2806 1394 2858 mo-

246 2891 405 2985 narcha,
425 2892 617 3001 tyrannico
635 2920 732 2971 more
750 2890 931 3001 imperare
949 2807 1124 2996 consino,
1137 2907 1279 2970 certam
1290 2888 1346 2968 mi
1356 2920 1393 2970 e-

247 3003 345 3083 riam
357 3033 404 3083 oc
416 3001 650 3112 perniciem?
682 3004 847 3111 Populus
868 3005 1053 3082 Romanus
1065 3000 1393 3110 praetulitstatmn

245 3113 349 3197 illum
364 3114 521 3226 Reipub.
539 3114 807 3226 quantumlibet
824 3112 1009 3221 discordiis
1025 3114 1185 3221 agitata
1192 3113 1289 3220 jugo
1306 3115 1393 3194 Cae-

231 3225 369 3332 surum
382 3228 617 3308 intolerabili.
649 3226 816 3337 Populus
833 3228 901 3337 qui
911 3224 1273 3334 vitandaestditionis
1282 3223 1395 3333 catoso

246 3341 517 3420 monarchicum
523 3341 669 3448 flatum
681 3339 929 3449 praeoptavit,
944 3337 1011 3418 ubi
1020 3355 1194 3448 expertus
1210 3336 1260 3445 esl
1277 3337 1396 3418 levius

247 3450 312 3559 effi’
328 3454 464 3532 malum
477 3450 574 3562 quod
587 3452 715 3532 vitare
728 3452 861 3543 voluit,
874 3449 928 3529 od
932 3451 1065 3558 priora
1071 3449 1176 3560 saepl
1192 3447 1316 3531 redire
1328 3479 1395 3531 ex·

240 3564 352 3671 petit.
384 3566 481 3645 Haec
501 3584 540 3643 et
560 3565 671 3672 plura
686 3583 752 3643 tua
763 3562 880 3643 verba
896 3562 983 3642 sunt
1000 3565 1042 3642 in
1061 3562 1128 3640 illa
1142 3562 1191 3642 de
1203 3561 1394 3671 episcopis

247 3675 523 3771 dissertatione,
537 3674 605 3755 sub
618 3675 798 3755 Walonis
814 3674 1014 3754 Messalini
1026 3672 1218 3754 adscititio
1230 3676 1393 3754 nomine

247 3789 363 3866 edita.
384 3817 423 3896 p.
446 3814 543 3889 412.
565 3807 700 3867 contra
717 3787 922 3867 Petavium
944 3786 1170 3892 Lojolitam,
1196 3813 1290 3865 cum
1313 3784 1394 3896 ipse

248 3901 373 4005 magis
394 3899 562 4003 Lojolita
585 3900 646 3992 fis,
671 3917 711 3978 et
733 3927 781 3978 eo
805 3900 853 3979 de
880 3926 1000 4006 grege
1024 3898 1224 4006 peffimus.
1283 3896 1393 4006 Qid

248 4004 322 4087 hac
336 4010 384 4090 de
401 4039 441 4089 te
457 4012 653 4119 Scriptura
669 4011 770 4091 sacra
782 4011 969 4105 statuerit,
984 4030 1023 4091 et
1036 4010 1207 4090 vidimus
1226 4028 1269 4091 et
1282 4012 1394 4090 omni

143 4147 146 4152 ·
247 4120 450 4229 diligentiis
468 4123 709 4229 investigasse
729 4150 808 4202 non
827 4125 1016 4233 poenitet:
1049 4121 1152 4201 unde
1179 4122 1277 4230 quid
1306 4120 1393 4201 sen·

243 4232 365 4313 serint
386 4236 516 4314 Patres
540 4238 691 4343 antiqui
714 4261 785 4343 per
811 4254 869 4316 tot
894 4235 1067 4343 ingentia
1090 4233 1293 4315 volumina
1321 4261 1394 4313 ex·

246 4346 400 4452 quirere
432 4348 603 4455 pretium
632 4346 785 4431 fortaffe
814 4376 941 4456 operae
969 4375 1048 4427 non
1076 4348 1164 4427 erit.
1227 4348 1270 4426 Si
1295 4345 1393 4454 quid

247 4459 354 4536 enim
374 4457 556 4552 asserunt,
579 4460 685 4567 quod
711 4458 898 4568 scriptura
922 4487 1001 4539 non
1026 4456 1223 4553 exhibuit,
1254 4486 1394 4540 eorum

246 4569 542 4664 authoritatem,
563 4589 864 4680 quantacunque
884 4571 942 4668 fit,
962 4570 1106 4651 merito
1124 4570 1391 4679 repudiamus

248 4683 371 4796 Qud
391 4700 524 4763 autem
543 4711 593 4761 ex
614 4683 759 4764 Irenaeo
778 4683 943 4794 profers,
966 4712 1071 4790 reges
1090 4683 1172 4794 Dei
1183 4682 1289 4792 jnffie
1307 4710 1394 4763 con-

231 4796 350 4904 stitui
364 4812 469 4904 aptos
488 4795 546 4875 his
558 4795 629 4905 qni
643 4796 682 4876 in
702 4796 763 4877 illo
781 4815 938 4907 tempore
955 4795 1004 4877 ob
1018 4795 1065 4876 iis
1082 4813 1285 4904 reguntur,
1300 4822 1395 4876 cum
