2888 5204
158 165 235 244 160
422 152 512 242 Pro
533 146 718 280 Populo
744 145 1013 277 Anglicano

146 326 261 404 urbes
290 342 329 403 et
354 352 458 403 arces
485 325 549 403 lex
573 324 654 433 ipsa
682 325 791 404 dicit.
852 324 1025 430 Majores
1049 323 1156 406 certe
1186 326 1301 405 nostri

146 437 302 544 quidvis
333 433 466 544 potibs
496 437 580 542 regi
607 433 728 543 quim
756 436 819 515 sua
855 463 963 516 arma
993 456 1035 517 et
1060 438 1301 548 oppidorum

147 549 319 657 praesrdia
338 538 486 627 tradere
507 548 701 643 solebant;
733 548 840 627 idem
854 548 929 628 effe
949 551 1023 628 rati
1037 563 1083 628 ac
1099 550 1127 629 fi
1143 549 1301 629 liberta-

147 679 229 739 tem
249 659 320 767 ipsr
339 658 447 738 suam
468 657 660 740 ferocitati
685 686 826 766 regum
845 679 884 738 et
903 661 1148 769 impotentiae
1166 662 1299 770 prodi-

145 790 233 851 tum
247 773 360 850 irent.
393 770 518 876 Cujus
531 773 587 851 rei
601 772 785 880 exempla
797 771 837 849 in
850 768 1020 852 historiis
1034 772 1173 852 nostris
1186 774 1298 853 uber·

145 884 245 962 rima
272 911 366 962 cum
387 882 473 975 sint,
495 904 534 964 et
555 884 640 989 jam
667 883 875 974 notiffima‚
901 883 1066 963 inserere
1093 881 1190 964 huic
1215 887 1299 965 loco

148 994 478 1103 supervacaneum
497 994 599 1075 effet.
659 998 716 1074 At
728 995 988 1104 protettionem
1006 1025 1076 1075 rex
1094 994 1201 1076 debet
1204 996 1299 1104 steb-

144 1106 247 1200 ditis,
268 1106 432 1217 quomodo
451 1136 506 1185 eos
518 1124 715 1215 protegere
736 1107 892 1216 poterit,
910 1107 981 1212 nfi
1000 1137 1110 1188 armo
1133 1109 1300 1218 virosque
1340 1160 1343 1164 -

65 1259 72 1273 ·
144 1218 279 1299 lrabeat
303 1218 341 1298 in
353 1218 431 1325 stro
448 1218 662 1327 potestate?
721 1222 791 1312 At,
818 1219 995 1327 inquam,
1021 1217 1195 1300 habebat
1220 1219 1298 1301 haec

146 1332 281 1411 omnia
301 1331 348 1410 ad
369 1332 581 1410 utilitatem
602 1331 726 1438 regni,
748 1350 792 1410 ut
811 1331 962 1412 dietum
981 1332 1051 1425 est,
1072 1359 1153 1411 non
1172 1332 1223 1412 ad
1241 1335 1297 1414 ci·

145 1445 257 1522 vium
287 1443 493 1521 interitum
527 1462 566 1521 et
600 1443 711 1549 regni
746 1441 1093 1551 disperditionem:
1126 1445 1237 1552 quod
1260 1464 1299 1525 et

145 1554 316 1633 Henrici
337 1555 440 1633 tertii
459 1554 716 1662 temporibus,
736 1555 949 1663 prudenter
964 1557 1192 1636 Leonardus
1210 1558 1297 1665 qui·

144 1667 237 1745 dam
247 1667 306 1744 vir
315 1666 450 1745 dottus
461 1666 502 1743 in
513 1665 986 1777 episcoporumconventu
995 1666 1299 1777 responditRui·

145 1779 263 1858 tando
277 1779 390 1885 Papae
407 1777 545 1857 nuntio
558 1798 598 1856 et
611 1781 714 1887 regis
728 1781 994 1887 procuratori:
1015 1779 1297 1886 omnesecclefiae

132 1887 231 1994 stent
251 1889 408 1969 Domini
423 1892 558 1997 Papae,
580 1908 624 1970 ut
647 1890 765 1971 omnia
777 1890 962 2000 principis
979 1889 1044 2000 esse
1062 1890 1232 1985 dicimus,
1251 1889 1304 1973 od

143 2001 346 2095 tuitionem,
377 2031 447 2081 non
477 2000 530 2080 od
542 2001 767 2108 fruitionem
795 2002 862 2082 vel
876 2003 1160 2113 proprietatem,
1189 2004 1297 2112 quod

144 2114 278 2208 aiunt;
309 2114 357 2192 ad
383 2112 663 2207 defensionem,
683 2143 752 2194 non
776 2112 830 2193 od
850 2113 1119 2225 dstrrfionemr
1158 2117 1299 2196 eadem

145 2245 185 2305 et
208 2226 397 2333 praedioae
424 2225 521 2331 legis
552 2226 752 2305 Edouardi
780 2226 965 2307 sententia
989 2246 1094 2320 erat;
1125 2227 1298 2334 quidest

144 2332 221 2416 hoc
234 2337 340 2415 aliud
355 2335 424 2414 nis1
440 2337 627 2444 potestate
642 2337 865 2433 fiduciaria3
889 2366 965 2417 non
978 2338 1179 2418 absoluta?
1199 2367 1297 2447 qua-

147 2447 226 2527 lem
246 2475 339 2526 cum
361 2448 573 2556 imperator
593 2450 756 2530 bellicus
777 2449 858 2530 fere
878 2449 1031 2544 habeat,
1052 2450 1093 2530 id
1111 2450 1170 2530 est
1188 2451 1298 2531 dele-

145 2579 292 2666 gatam,
311 2587 388 2638 non
405 2558 519 2667 plane
535 2563 747 2670 propriam,
766 2590 843 2642 non
855 2561 903 2641 eb
919 2559 1071 2668 segnibs
1083 2564 1296 2672 populum,

144 2667 167 2750 it
185 2699 266 2779 quo
285 2671 459 2777 eligitur,
480 2673 555 2751 five
576 2674 686 2753 domi
705 2675 781 2755 five
797 2675 947 2754 militiae
959 2672 1168 2753 defendere
1185 2674 1295 2754 solet.

147 2783 303 2862 Frustra
327 2802 460 2863 autem
487 2785 748 2879 Parlamenta,
769 2805 808 2864 et
828 2787 970 2895 impari
989 2785 1075 2864 sane
1094 2785 1297 2891 congreffu

146 2895 194 2974 de
214 2894 366 3002 legibus
386 2897 515 2975 saneti
536 2898 737 2978 Edouardi
756 2918 795 2976 et
811 2897 988 2977 libertate
1007 2897 1107 2977 olim
1121 2925 1219 2977 cum
1235 2927 1297 2978 re·

145 3006 260 3113 gibus
281 3008 576 3101 contendissent,
606 3010 633 3089 sr
652 3037 771 3121 penes
793 3037 928 3117 regem
947 3005 1074 3089 solitm
1100 3037 1210 3088 arma
1222 3009 1296 3090 effe

145 3140 324 3228 oportere
345 3119 650 3215 existimaffent3
681 3139 833 3200 namet
853 3123 958 3230 leges
977 3120 1199 3229 quamlibet
1220 3123 1297 3201 ini-

143 3259 239 3340 quas
250 3232 329 3342 ipse
342 3232 679 3327 darefivotuisset,
693 3231 832 3313 frustra
844 3233 880 3313 se
892 3236 1029 3314 charta
1040 3234 1296 3341 quantumvis

141 3363 420 3451 magnacontra
432 3341 581 3424 ferrum
592 3344 861 3426 defendissent.
883 3344 1295 3455 Atquidproderit,in-

142 3458 245 3563 quis,
259 3456 499 3536 Parlamento
512 3456 656 3537 militiae
668 3456 914 3564 magisterium
927 3456 1224 3552 haberacumne
1237 3474 1294 3537 te-

142 3565 313 3646 runcium
332 3565 472 3676 quidem
487 3568 541 3648 od
555 3566 880 3675 eomstrstinendom
899 3587 1023 3677 quent,
1039 3569 1179 3649 nolente
1194 3597 1296 3675 rege,

142 3676 467 3785 depopulocogere.
511 3680 687 3758 Nefitea
699 3679 771 3758 tibi
782 3708 891 3760 cura:
914 3678 1090 3788 primbm
1102 3677 1295 3760 enimhoc

143 3788 238 3868 salio
248 3789 376 3897 ponis,
385 3790 623 3871 Parlamenti
632 3792 786 3870 ordines
796 3822 864 3872 non
869 3789 1296 3902 poffifineregetributa

135 3901 268 4010 populo
280 3901 471 4007 imponere,
484 3899 505 3980 ‘a
516 3930 596 4010 quo
609 3921 649 3981 et
660 3903 730 4010 ipfi
745 3904 846 3983 miffi
857 3904 957 3998 sunt,
967 3903 1127 4010 etcujus
1137 3901 1296 3985 causam

143 4011 365 4121 suscipiunt.
417 4014 573 4093 Deinde
586 4042 663 4093 non
677 4016 804 4124 potest
817 4034 854 4095 te
867 4012 1004 4124 fugere
1018 4035 1098 4096 tam
1114 4014 1297 4098 sedulum

144 4125 192 4205 de
212 4125 348 4205 alienis
368 4123 483 4204 rebus
503 4146 832 4234 percontatorem,
850 4126 915 4206 sua
931 4127 1065 4236 sponte
1081 4130 1296 4238 populum,

142 4238 236 4317 vafis
261 4236 387 4316 aureis
416 4255 532 4344 atque
562 4240 753 4346 argenteis
779 4238 971 4334 conflatis,
996 4266 1184 4349 magnam
1210 4242 1297 4322 vim

141 4349 316 4458 pecuniae
348 4350 390 4431 in
421 4344 498 4431 hoc
533 4349 682 4431 bellum
713 4369 848 4433 contra
879 4379 1015 4461 regem
1046 4353 1294 4464 impendisse.
