2888 5204
420 561 660 662 Defenfio.
700 571 817 698 Cap.
854 601 930 664 12.
1173 611 1250 692 177

106 743 328 825 :lanculum
343 745 478 840 miffis,
496 774 617 840 arma,
635 775 771 854 equos,
787 748 982 826 auxilium
1002 745 1140 827 diserte
1154 776 1250 828 con-

106 886 154 938 ra
169 858 467 938 Parlamentum
480 857 652 966 petebat,
665 878 733 938 aut
744 860 964 939 exercitum
977 886 1081 937 nunc
1092 860 1245 967 Anglo·

106 996 188 1050 um
210 997 315 1049 nunc
335 971 543 1050 Scotorum
564 971 690 1079 pretio
710 969 962 1064 sollicitabat3
993 971 1071 1050 illis
1093 972 1249 1052 Urbem

106 1082 329 1163 londinum
341 1082 620 1191 diripiendam,
633 1079 694 1162 his
706 1101 874 1190 quatuor
886 1083 1105 1192 provincias
1117 1084 1249 1191 Aqui-

106 1220 249 1275 onares
265 1196 472 1274 Scotorum
489 1195 630 1273 ditioni
645 1193 908 1300 adjungendas
928 1195 1118 1303 promisrt,
1137 1195 1162 1272 fi
1179 1196 1248 1274 fibi

106 1305 144 1385 td
166 1307 464 1386 Parlamentum
488 1333 649 1414 quoquo
678 1309 798 1385 modo
825 1307 1043 1385 tollendum
1067 1335 1248 1386 commo-

106 1418 187 1497 lare
209 1418 318 1497 suam
338 1444 501 1528 operam
517 1418 675 1497 vellent.
737 1408 845 1496 Cum
866 1416 947 1497 haec
967 1445 1045 1498 non
1065 1420 1246 1498 succede-

106 1548 198 1623 ent,
214 1529 374 1610 cuidam
392 1530 573 1609 Dillonio
592 1529 785 1638 perduelli
801 1529 868 1608 dat
883 1530 1086 1610 secretiora
1101 1531 1150 1610 ad
1165 1532 1247 1609 Hi-

106 1641 601 1749 wmosmandata,quibus
606 1641 988 1747 juberenturomnes
1000 1642 1152 1749 Anglos
1165 1642 1247 1747 ejus

106 1753 231 1833 nsulae
245 1753 406 1834 colonos
421 1772 581 1862 repente
597 1755 715 1833 artnis
727 1753 886 1833 adoriri.
946 1755 1044 1833 Haec
1057 1754 1138 1833 fere
1153 1781 1247 1862 pro-

106 1866 296 1946 litionum
315 1865 397 1971 ejus
413 1884 671 1945 monumenta
687 1865 788 1958 sunt,
805 1892 883 1944 non
898 1868 1004 1945 vanis
1024 1865 1247 1946 rumoribus

106 1977 276 2071 milesia,
294 1977 357 2056 sed
378 1977 467 2086 ipsrs
484 1978 606 2058 literis
623 1977 739 2086 ipsius
757 2005 876 2057 manu
894 1977 1113 2088 subscriptis
1129 1999 1246 2086 atque

106 2090 254 2198 ignatis
266 2109 482 2198 comperta.
544 2091 803 2168 Homicidam
816 2089 984 2196 denique
997 2087 1122 2184 fuisse,
1138 2093 1247 2197 cujus

106 2202 267 2311 coeptis
291 2201 483 2281 mandatis
510 2201 684 2282 Hiberni
710 2229 819 2280 arma
842 2203 1032 2310 ceperint,
1057 2202 1105 2281 ad
1129 2206 1246 2311 quin-

106 2314 207 2422 quies
225 2334 389 2393 centena
408 2313 535 2393 millia
554 2314 782 2421 Anglorum
802 2314 842 2391 in
862 2313 1016 2392 summa
1035 2342 1129 2423 pace
1145 2312 1246 2393 nihil

106 2424 171 2505 ale
186 2427 455 2504 metuentium
468 2426 669 2533 exquifitis
681 2425 917 2505 cruciatibus
933 2426 1161 2518 occiderint,
1176 2427 1246 2532 qui

106 2538 217 2619 etiarn
242 2556 397 2617 tantum
428 2537 588 2645 reliquis
616 2537 768 2617 duobus
796 2537 924 2645 regnis
951 2536 1100 2616 bellum
1129 2538 1245 2615 civile

106 2647 289 2741 onflarit,
323 2650 526 2728 neminem
553 2668 650 2758 puto
683 2668 933 2756 negaturum.
992 2649 1110 2728 Addo
1137 2650 1244 2727 enim

106 2761 200 2871 {uod
221 2761 262 2840 in
282 2761 351 2840 illo
363 2760 544 2841 Vestenfi
563 2761 764 2868 colloquio
784 2758 898 2866 hujus
918 2760 1011 2839 belli
1031 2780 1070 2840 et
1085 2761 1243 2869 culpam

106 2892 132 2954 et
146 2874 303 2954 crimen
316 2875 408 2952 Rex
425 2869 555 2982 pallam
571 2874 610 2951 in
631 2873 667 2951 se
687 2873 863 2981 suscepit,
880 2869 1004 2981 edque
1021 2874 1131 2953 omni
1151 2876 1245 2952 Par·
1358 2944 1362 2950 .

106 3004 315 3065 amentum
329 2987 523 3066 notiffima
535 2983 771 3065 confeffione
788 2985 853 3064 sud
868 2984 1059 3064 liberavit.
1110 2985 1245 3065 Habes
1315 3050 1321 3070 .

106 3122 199 3177 tunc
215 3095 385 3177 breviter
397 3088 658 3207 quamobrem
675 3099 764 3176 Rex
778 3097 943 3175 Carolus
957 3117 996 3176 et
1010 3117 1192 3205 tyrannus
1206 3118 1246 3178 et

106 3208 272 3288 troditor
298 3228 339 3288 et
363 3207 564 3288 homicida
583 3208 781 3313 judicatus
809 3207 940 3287 fuerit.
1000 3211 1057 3288 At
1084 3239 1154 3290 cur
1176 3239 1245 3290 non

106 3320 214 3414 miras,
229 3322 375 3430 inquis,
392 3349 521 3429 neque
543 3322 582 3399 in
600 3321 668 3399 illo
674 3319 823 3428 fhlenni
823 3319 987 3429 federe,
1008 3349 1135 3428 neque
1155 3321 1244 3431 pos-

106 3458 154 3512 ea
173 3459 271 3512 cum
290 3432 491 3512 dedititius
515 3433 621 3524 esset,
643 3433 704 3511 vel
731 3429 1088 3541 dPraesbyteriami
1106 3433 1168 3511 vel
1195 3433 1243 3512 ab

106 3542 421 3654 &dependentibus
440 3546 491 3624 fic
500 3545 697 3650 judicatus
710 3545 779 3638 est,
801 3544 863 3622 sed
876 3547 1029 3654 potius;
1062 3562 1105 3623 ut
1123 3573 1243 3651 regem

106 3652 218 3736 benit
233 3656 368 3765 accipi,
388 3657 487 3736 omni
501 3656 714 3737 reverentia
733 3656 781 3764 est
799 3655 1005 3765 exceptus?
1063 3655 1138 3734 Vel
1166 3653 1242 3735 hoc

105 3766 174 3849 blo
193 3787 430 3876 argumento
454 3768 673 3877 persuaderi
697 3769 821 3847 cuivis
849 3768 1084 3875 intelligenti
1111 3786 1242 3875 queat,
1317 3787 1320 3792 ’

106 3906 170 3961 ton
187 3880 260 3959 nisi
272 3878 355 3959 sero
368 3880 541 3973 tandem,
555 3899 595 3959 et
607 3880 812 3988 postquam
827 3882 960 3959 omnia
972 3880 1241 3973 sustinuerant,

106 3992 228 4072 tmuia
244 4010 501 4085 tentaverant,
517 3993 652 4071 omnia
669 3993 831 4101 perpeffi
845 4011 968 4085 erant,
982 3991 1242 4072 deliberatum

106 4103 317 4186 Drdinibus
337 4101 448 4182 fuisse
464 4131 600 4215 regem
619 4103 797 4210 abjicere.
857 4105 925 4183 Tu
944 4103 986 4182 id
1006 4104 1107 4184 solus
1128 4106 1243 4184 mali·
1330 4104 1333 4109 ’

106 4214 192 4296 ione
212 4217 331 4295 nimis
351 4215 393 4294 in
413 4216 604 4295 invidiam
624 4217 740 4324 rapis,
759 4215 865 4323 quod
885 4215 1080 4295 summam
1103 4245 1242 4296 eorum

106 4328 696 4435 totientiam,aequanimitatem,
710 4327 1035 4421 moderationem,
1050 4327 1242 4436 fastusque

106 4438 191 4549 egii
212 4439 461 4519 tolerantiam
482 4441 600 4519 nimis
624 4437 775 4519 sortasse
796 4439 956 4548 longam
976 4441 1080 4550 apud
1104 4468 1242 4521 omnes

106 4576 214 4633 tonos
230 4550 446 4632 testabitur.
506 4553 563 4631 At
576 4552 689 4658 meast
704 4550 873 4658 Augusto
890 4553 957 4661 qui
964 4551 1148 4660 praecefft
1165 4551 1244 4658 ejus

106 4662 117 4681 '
180 4662 323 4757 licium,
342 4662 465 4744 domus
485 4664 734 4744 Communium
752 4693 835 4773 quae
845 4663 932 4770 sola
946 4665 1032 4769 jam
1057 4684 1137 4745 tum
1156 4693 1241 4771 reg-

106 4802 141 4857 ta
162 4793 208 4856 at
224 4794 266 4857 et
283 4772 612 4886 Independentibus
635 4792 721 4857 erat
747 4774 913 4870 obnoxia,
930 4774 1086 4885 scripstt
1113 4774 1244 4856 literas

144 4912 173 4993 4
676 4914 702 4966 N
