2888 5204
400 654 403 661 .
457 579 682 681 Defensio
706 583 934 683 Secunda.
964 600 968 605 ’
1187 620 1270 705 277

124 751 227 833 :hum
248 774 408 838 motuum
430 774 652 867 nuperorum
671 759 710 838 in
729 759 889 867 Anglia.
949 757 1026 838 Nae
1044 776 1086 836 tu
1113 758 1268 866 ineptus

124 891 243 946 nomo
258 895 314 962 es,
328 870 397 977 qui
411 888 518 950 tanto
534 872 706 951 clamore
722 871 839 965 sactb,
852 870 958 979 quod
975 889 1093 962 tuum,
1106 869 1150 948 fit
1166 867 1267 947 nihil

124 975 271 1073 tfferas,
286 980 351 1060 sed
366 979 570 1092 scriptores
588 979 757 1078 tanthm,
774 985 891 1091 regiis
907 981 1081 1091 partibus
1094 980 1266 1060 addictos

124 1116 245 1198 :oque
265 1094 408 1174 merito
428 1095 620 1205 suspectos
638 1093 820 1175 authores
836 1113 970 1175 contra
990 1122 1060 1173 nos
1076 1092 1266 1173 adducere

124 1201 473 1313 potuisti,quorum
490 1206 586 1287 fides
601 1207 629 1286 s1
645 1205 875 1299 elevabitur,
884 1207 1069 1316 progredi
1080 1223 1263 1313 nequeas.

124 1312 210 1394 Nos
229 1315 352 1423 igitur
370 1318 574 1428 scriptores
594 1318 696 1413 illos,
718 1319 745 1397 fi
764 1347 863 1428 opus
882 1321 972 1411 erit,
995 1336 1035 1398 et
1054 1317 1268 1397 elenchum

124 1424 287 1507 elencho
300 1428 573 1525 refutabimus,
586 1459 666 1510 non
679 1430 755 1511 illis
768 1459 839 1540 per
851 1449 904 1524 te,
916 1430 980 1510 sed
993 1432 1065 1509 tibi
1079 1458 1151 1539 per
1165 1429 1268 1522 illos,

124 1563 214 1618 :um
227 1538 353 1620 visum
370 1544 444 1622 erit
459 1542 779 1653 respondebimus
794 1572 804 1622 ε
834 1542 907 1622 tibi
922 1570 1009 1650 quae
1022 1542 1072 1621 de
1087 1561 1157 1621 tuo
1173 1570 1268 1651 pro·

124 1649 270 1746 tuleris,
284 1652 500 1734 videndum
516 1657 676 1749 interea,
693 1673 737 1734 ut
753 1656 855 1734 tueri
871 1681 1013 1763 queas:
1034 1681 1121 1762 quae
1140 1653 1269 1761 cujus-

124 1762 232 1843 modi
252 1764 338 1860 lint,
359 1766 407 1845 ab
422 1767 549 1876 impio
565 1785 606 1846 et
620 1765 735 1876 plane
750 1764 884 1846 Atheo
900 1763 1063 1845 homine
1077 1763 1267 1874 profesta,
1293 1836 1295 1840 ,

124 1875 281 1956 audiant
292 1902 397 1958 nunc
409 1907 546 1959 omnes
557 1881 615 1988 pii
629 1900 669 1958 et
680 1877 915 1958 horrescant.
947 1877 1272 1985 Jubetam'orDei

124 2003 155 2067 et
168 1985 457 2094 injuriaesanelo
472 1990 550 2097 ejus
560 1990 839 2099 nominisaelae,
846 1990 977 2096 stnstrs
990 1989 1195 2071 acerrimus
1209 2019 1270 2068 co·

124 2099 179 2207 git
188 2098 380 2210 stepplices
409 2102 616 2183 manased
638 2105 763 2183 Deum
786 2104 969 2183 attollere.
1028 2101 1144 2181 Abde
1170 2095 1268 2181 abde

124 2211 317 2293 obscoenas
337 2214 421 2294 illas
441 2243 594 2309 manus,
610 2243 707 2324 quas
726 2213 889 2294 libidine
910 2232 950 2293 et
969 2213 1184 2293 ambitione
1205 2213 1271 2292 su-

124 2326 278 2436 pinatus
289 2326 467 2407 attollere
480 2355 558 2407 non
570 2329 727 2421 vereris,
741 2354 789 2405 ne
804 2326 950 2406 coelum
965 2324 1094 2434 ipsum
1110 2353 1268 2434 quoque

124 2438 264 2518 audeas
283 2438 332 2517 iis
351 2440 531 2519 manibus
555 2438 755 2531 incestare,
774 2439 917 2547 quibus
942 2436 1044 2518 sacra
1067 2437 1269 2545 religionis

124 2549 305 2658 mysteria
323 2552 598 2632 contreetando
623 2550 812 2661 polluisti.
872 2555 1011 2661 Qm
1034 2549 1142 2627 enim
1165 2549 1268 2646 divi-

124 2688 217 2744 nam
235 2661 430 2749 ultionem
448 2664 534 2743 aliis
555 2663 782 2742 temerarius
802 2681 842 2742 et
862 2689 1002 2741 vaecors
1026 2663 1269 2769 imprecaris,

124 2802 212 2855 eam
231 2774 274 2853 in
289 2774 406 2882 ipsius
422 2794 536 2856 tuum
556 2776 863 2884 impurissimum
882 2791 1000 2884 caput
1017 2772 1214 2853 devocasse
1231 2790 1270 2852 te

124 2886 224 2970 olim
243 2886 453 2994 intelliges.

177 2999 385 3078 Hactenus
412 2999 595 3080 clamoris
625 3000 731 3108 quafi
770 2999 955 3108 praeludia
984 2997 1118 3079 suere:
1149 3026 1272 3093 nunc,

124 3106 313 3219 (summas
332 3111 455 3206 enim,
479 3130 520 3191 et
538 3109 661 3221 prope
681 3110 776 3193 solas
795 3114 836 3190 in
856 3108 933 3191 hoc
951 3112 1125 3191 dramate
1144 3130 1271 3221 partes

124 3223 275 3304 clamor
293 3221 477 3327 obtinet,)
498 3221 619 3332 quam
639 3223 765 3332 potest
783 3225 960 3303 maximo
980 3221 1106 3316 hiatu,
1127 3225 1272 3302 rietum

124 3334 300 3415 diducit:
330 3336 370 3412 in
395 3336 541 3415 coelum
565 3334 713 3415 scilicet
732 3336 871 3428 iturus,
892 3333 973 3444 qub
993 3334 1020 3414 fi
1041 3333 1269 3427 ascenderit,

124 3447 165 3529 in
184 3447 389 3525 neminem
408 3445 583 3556 prosedtb
599 3448 724 3525 acrius
743 3445 929 3526 clamabit
944 3474 1066 3554 quam
1085 3447 1126 3524 in
1142 3445 1272 3554 ipsum

124 3559 379 3640 clamatorem
392 3559 574 3639 Morum.
607 3561 702 3638 Cum
714 3557 874 3638 omnibus
871 3557 1012 3662 ficulis
1012 3557 1135 3662 sacra
1139 3557 1272 3664 suerit

124 3698 252 3778 regum
269 3667 450 3777 mers'ssas,
469 3689 541 3752 etc.
600 3670 736 3750 Multa
753 3689 797 3750 tu
816 3670 980 3778 quidem
993 3670 1113 3748 More
1132 3668 1274 3777 vulga-

124 3785 235 3876 riter,
251 3782 378 3862 multa
398 3780 591 3863 malitiose
611 3784 652 3860 in
671 3809 741 3862 nos
760 3781 970 3875 declamas,
990 3809 1077 3889 quae
1091 3777 1192 3859 nihil
1212 3798 1275 3860 at·
1378 3830 1392 3845 ·

124 3896 278 3976 tinent:
310 3894 412 4002 regis
432 3896 541 3983 enim
555 3894 692 3986 caedes,
708 3913 747 3973 et
763 3894 915 4001 tyranni
935 3892 1174 4002 supplicium
1194 3920 1273 3972 non

122 4007 213 4088 sunt
224 4006 346 4101 idem,
359 4007 494 4101 More,
510 4034 587 4086 non
605 4005 706 4100 sunt,
722 4007 823 4085 inter
835 4004 870 4084 se
884 4005 1026 4085 distant
1036 3996 1272 4112 longiffime,

124 4138 243 4229 atque
267 4117 479 4211 distabunt,
503 4119 601 4198 dum
625 4116 765 4210 sensus,
793 4135 833 4196 et
856 4119 954 4196 ratio
972 4117 1036 4223 jus
1059 4135 1176 4225 atque
1200 4116 1275 4212 fas,

124 4232 303 4339 rcetique
323 4249 363 4310 et
382 4230 535 4340 obliqui
558 4229 756 4335 judicium
773 4226 1000 4309 hominibus
1024 4228 1273 4310 concedetur.

124 4339 283 4423 Verbm
295 4343 344 4422 de
361 4340 422 4422 his
438 4341 525 4422 satis
543 4341 625 4449 jam
637 4338 771 4450 saepibs
786 4340 952 4435 didturn,
969 4341 1056 4420 satis
1070 4338 1275 4422 defensum

124 4455 206 4537 est:
238 4480 318 4534 non
337 4455 463 4563 patiar
481 4456 551 4563 qui
568 4472 626 4533 tot
642 4453 736 4533 diris
756 4452 935 4533 inanibus
949 4452 1086 4532 laedere
1106 4480 1186 4531 non
1201 4483 1278 4562 po-

124 4584 200 4663 tes,
212 4585 260 4647 ut
272 4568 437 4675 repetita
451 4566 609 4645 crambe
626 4593 695 4644 nos
714 4565 878 4644 demum
896 4565 1062 4645 occidas.
1121 4564 1186 4643 De
1206 4593 1280 4674 pa-

124 4679 282 4775 tientia,
300 4677 441 4760 deinde
461 4697 501 4759 et
520 4678 665 4788 pietate
685 4675 786 4757 belle
806 4676 1000 4785 disputas:
1032 4675 1109 4755 Sed
