2888 5204
405 103 644 203 Defensio
687 113 802 239 Cap.
836 144 877 229 7.
1146 148 1213 223 131

66 279 238 361 curatius
258 285 439 392 praeclara
459 286 540 377 illa,
557 314 643 392 quae
661 284 842 392 proxime}
862 283 1085 361 affirmasti:
1120 285 1217 373 Rex,

63 390 210 497 inquis,
237 397 305 500 etſs
305 395 472 501 stebditis
478 397 681 503 juraverit
705 397 743 476 in
770 394 1003 501 declimast‘
1014 391 1218 502 secundim

63 500 161 607 leges
175 525 438 613 regnaturum,
458 527 499 588 et
518 509 559 586 ni
575 507 706 601 faciat,
723 538 778 587 eas
778 508 1017 612 sttcramento
1016 504 1217 614 fidelitatis

43 610 308 724 solutosfitre,
328 637 367 699 et
370 618 419 726 st
422 620 536 727 fabio
556 619 626 727 ipso
640 620 829 700 abiturum
837 619 1029 727 potestate,
1047 617 1218 697 abdicari

62 742 199 807 tamen
210 750 278 810 aut
289 734 423 840 puniri
435 732 482 811 ab
496 733 542 812 iis
555 759 633 811 non
647 733 804 840 poterit.
853 726 1218 842 leinusquaeso

59 862 133 918 rex
155 838 278 947 quim
305 843 505 954 popularis
529 844 804 950 magistratus?
838 846 931 949 quia
957 841 998 919 in
1031 868 1079 919 eo
1112 842 1218 947 regi-

59 951 174 1031 mine
184 954 355 1062 populus
365 982 441 1033 non
452 982 615 1034 omnem
625 953 859 1034 transfundit
868 952 1217 1062 potestatemsuam

58 1060 110 1140 ad
129 1065 420 1171 magistratum.
478 1068 546 1146 An
565 1065 631 1146 hic
650 1068 772 1174 igitur
792 1068 832 1145 in
852 1065 1016 1170 regem?
1045 1066 1111 1142 cui
1128 1091 1217 1170 reg-

60 1199 165 1253 num
181 1177 222 1254 in
240 1176 277 1256 se
293 1204 372 1257 non
388 1180 534 1258 diutius
551 1178 721 1269 tradunt,
740 1174 860 1285 quim
876 1177 916 1255 id
932 1173 1030 1255 bend
1046 1174 1214 1283 gefferit.

60 1283 174 1365 Tam
193 1287 326 1396 itaque
346 1317 415 1368 rex
427 1290 581 1395 juratus
605 1292 645 1369 in
668 1291 790 1396 leges,
810 1315 897 1370 reus
917 1287 1031 1394 abjici
1054 1304 1121 1365 aut
1139 1315 1216 1399 pu-

60 1396 141 1477 niri
159 1402 322 1508 poterit,
342 1397 463 1509 qudm
482 1401 682 1511 popularis
702 1400 963 1508 magistratus.
1022 1398 1133 1477 Nam
1156 1426 1218 1477 ar-

59 1530 258 1616 gumento
284 1512 354 1591 illo
379 1513 607 1593 Pancratico
634 1540 772 1593 omnes
798 1513 840 1591 in
868 1538 1005 1618 regem
1035 1508 1219 1589 transsatae

60 1620 280 1729 potestatis,
296 1625 467 1734 amplius
486 1626 546 1704 uti
565 1651 645 1704 non
664 1643 790 1735 potes,
809 1623 916 1730 quod
937 1624 1013 1702 tuis
1032 1621 1113 1731 ipse
1133 1650 1219 1701 ma·

11 1754 14 1759 ·
61 1728 195 1813 chinis
214 1735 444 1844 imprudens
467 1735 649 1816 arietasti.
710 1733 948 1841 Cognoscite
975 1761 1079 1814 nunc
1106 1734 1219 1814 aliam

53 1844 337 1952 potentffmam
351 1866 388 1927 et
399 1847 578 1931 invictam
592 1846 671 1953 ejus
682 1847 859 1927 rationem
873 1875 944 1926 cur
940 1844 1092 1952 stabditi
1098 1873 1219 1952 regem

10 1962 19 2029 ὲ
55 1955 239 2061 judicare
266 1978 477 2068 nequeant,
503 1959 571 2070 qui
594 1958 734 2067 legibus
744 1957 896 2065 solutus
921 1956 984 2063 est,
1011 1956 1099 2066 quia
1124 1957 1221 2062 leges

51 2065 159 2173 solus
187 2098 258 2150 rex
285 2099 402 2151 omnes
413 2073 534 2178 fert,·
572 2098 658 2180 quae
690 2097 786 2151 cum
814 2069 1009 2149 falfiffima
1037 2067 1110 2146 effe
1134 2068 1220 2173 jam

66 2180 184 2260 toties
209 2181 473 2290 probaverim,
500 2180 582 2262 haec
605 2183 725 2263 etiam
749 2181 892 2261 invicta
919 2201 985 2261 tua
1008 2181 1106 2259 ratio
1126 2207 1220 2258 cum

64 2292 199 2400 priore
217 2293 267 2372 ad
286 2292 458 2374 nihilum
477 2294 629 2375 recidit.
690 2288 889 2373 Caeteritm
912 2320 982 2371 rex
1002 2291 1053 2371 ob
1079 2293 1220 2371 delicta

64 2403 212 2510 quaevis
242 2406 408 2515 privata,
434 2424 572 2516 utpote
599 2407 793 2515 stuprum,
821 2404 1074 2497 adulterium,
1104 2422 1144 2483 et
1171 2405 1220 2482 st-

65 2516 195 2609 milia,
215 2515 243 2595 fi
262 2516 350 2597 raro
368 2517 567 2627 plectitur,
585 2544 665 2598 non
686 2538 768 2597 tam
780 2515 931 2622 justitia
955 2513 1076 2623 quim
1099 2518 1221 2623 aequi-

64 2643 147 2707 tate
168 2627 209 2706 id
229 2627 289 2724 fit,
309 2656 358 2709 ne
372 2630 459 2739 plus
471 2630 676 2709 turbarum
691 2656 742 2708 ex
757 2645 884 2707 morte
900 2629 1018 2734 regis,
1034 2647 1074 2706 et
1087 2655 1221 2706 rerum

67 2738 289 2820 mutatione
310 2740 459 2850 populo
478 2742 645 2834 eveniat,
665 2737 786 2847 quiun
806 2738 901 2819 boni
926 2767 976 2818 ex
1000 2766 1079 2817 uno
1103 2759 1221 2845 atque

65 2849 192 2930 altero
210 2851 421 2932 vindicato.
481 2855 545 2932 Ex
560 2880 640 2960 quo
655 2850 748 2931 vero
762 2851 946 2931 omnibus
962 2849 1089 2957 gravis
1104 2869 1143 2928 et
1159 2851 1221 2928 in-

67 2961 292 3043 tolerandus
311 2963 385 3043 effe
405 2965 560 3074 incipit,
582 2983 668 3043 tum
687 2964 865 3070 quidem,
886 2990 1048 3070 quoquo
1068 2960 1222 3068 poffunt

67 3072 205 3172 modo,
216 3073 440 3181 judicatum
454 3077 518 3156 vel
538 3074 798 3181 injudicatum
815 3101 950 3153 omnes
967 3075 1142 3152 nationes
1159 3092 1221 3180 ty-

67 3211 239 3265 rannum
265 3188 444 3268 occidere
473 3186 529 3267 fas
553 3186 626 3266 effe
653 3185 806 3295 semper
829 3185 1041 3264 credidere.
1102 3184 1221 3264 Unde

65 3294 234 3378 Marcus
252 3298 412 3379 Tullius
430 3302 471 3378 in
487 3298 654 3379 secunda
674 3297 898 3406 Philippica
919 3296 967 3376 de
990 3293 1147 3373 Caesaris
1159 3295 1221 3374 in·

65 3404 354 3490 terfectoribus.
414 3411 477 3490 Hi
497 3409 617 3519 primi
637 3439 718 3489 cum
741 3407 880 3515 gladiis
905 3437 974 3487 non
1003 3406 1041 3486 in
1067 3435 1221 3513 regnum

64 3536 311 3629 appetentem,
317 3519 391 3627 ſsd
410 3521 448 3602 in
471 3539 685 3629 regnantem
709 3521 880 3628 impetum
890 3519 1100 3626 fecerunt:
1131 3518 1227 3628 quod

64 3658 151 3711 cum
169 3631 445 3740 ipstemsatlum
460 3652 533 3743 per
537 3635 585 3739 fle
597 3633 829 3741 praclarum
847 3649 958 3740 atque
976 3628 1142 3710 diuinum
1161 3631 1223 3738 ed,

65 3757 148 3823 tum
160 3744 212 3849 est
221 3743 377 3852 posttum
396 3744 450 3826 ad
464 3744 693 3825 imitandum.
753 3740 887 3851 Qdm
907 3738 1023 3845 hujus
1049 3760 1091 3821 tu
1115 3742 1222 3822 diffi-

65 3854 198 3936 milisl
257 3855 519 3952 Homicidium,
539 3855 776 3948 adulterium,
793 3852 949 3958 injuria,
964 3881 1033 3933 non
1052 3855 1132 3934 haec
1144 3854 1223 3934 cri·

64 3965 170 4048 mina
182 3965 406 4074 regtastant,
414 3967 673 4077 stdprivata.
734 3969 849 4073 Euge
867 3964 1043 4075 parasite,
1064 3964 1224 4045 lenones

58 4076 149 4183 jam
167 4106 306 4160 omnes
325 4099 365 4159 et
386 4081 580 4190 propudia
601 4078 728 4159 aulica
752 4076 826 4157 hac
845 4104 942 4156 voce
970 4077 1221 4169 demeruisti3

66 4191 110 4269 Ο
130 4186 254 4299 qudm
274 4190 405 4300 lepide
431 4192 546 4292 fimul
569 4209 610 4269 et
631 4189 860 4298 paralitatis,
881 4207 921 4268 et
943 4188 1081 4268 eddem
1106 4188 1225 4295 operd

63 4301 322 4384 lenocinaris!
381 4306 465 4385 Rex
480 4303 629 4384 adulter
641 4301 728 4382 bene
741 4301 857 4410 potest
872 4327 1046 4407 regnare,
1061 4314 1100 4377 et
1114 4298 1225 4378 homi·
