<?xml version="1.0" encoding="UTF-8"?>
<!DOCTYPE html PUBLIC "-//W3C//DTD XHTML 1.0 Transitional//EN"
    "http://www.w3.org/TR/xhtml1/DTD/xhtml1-transitional.dtd">
<html xmlns="http://www.w3.org/1999/xhtml" xml:lang="en" lang="en">
 <head>
  <title>
</title>
<meta http-equiv="Content-Type" content="text/html;charset=utf-8" />
  <meta name='ocr-system' content='tesseract 3.04.00' />
  <meta name='ocr-capabilities' content='ocr_page ocr_carea ocr_par ocr_line ocrx_word'/>
</head>
<body>
  <div class='ocr_page' id='page_1' title='image "./worksjohnmilton07miltgoog_0270.png"; bbox 0 0 2888 5204; ppageno 0'>
   <div class='ocr_carea' id='block_1_1' title="bbox 380 543 1200 671">
    <p class='ocr_par' dir='ltr' id='par_1_1' title="bbox 380 543 1200 671">
     <span class='ocr_line' id='line_1_1' title="bbox 380 543 1200 671; baseline -0.002 -26"><span class='ocrx_word' id='word_1_1' title='bbox 380 543 607 645; x_wconf 83' lang='lat' dir='ltr'>Defensro</span> <span class='ocrx_word' id='word_1_2' title='bbox 631 546 861 646; x_wconf 86' lang='lat' dir='ltr'>Secunda</span> <span class='ocrx_word' id='word_1_3' title='bbox 1121 589 1200 671; x_wconf 83' lang='lat'>253</span> 
     </span>
    </p>
   </div>
   <div class='ocr_carea' id='block_1_2' title="bbox 10 721 1271 4849">
    <p class='ocr_par' dir='ltr' id='par_1_2' title="bbox 43 721 1200 1386">
     <span class='ocr_line' id='line_1_2' title="bbox 44 721 1199 831; baseline 0.003 -33"><span class='ocrx_word' id='word_1_4' title='bbox 44 734 229 828; x_wconf 89' lang='lat' dir='ltr'>tempore</span> <span class='ocrx_word' id='word_1_5' title='bbox 249 746 376 829; x_wconf 91' lang='lat' dir='ltr'>neque</span> <span class='ocrx_word' id='word_1_6' title='bbox 396 723 571 831; x_wconf 86' lang='lat' dir='ltr'>cupiam.</span> <span class='ocrx_word' id='word_1_7' title='bbox 632 723 816 801; x_wconf 87' lang='lat' dir='ltr'>Eundem</span> <span class='ocrx_word' id='word_1_8' title='bbox 843 721 1043 830; x_wconf 87' lang='lat' dir='ltr'>proinde</span> <span class='ocrx_word' id='word_1_9' title='bbox 1031 749 1199 801; x_wconf 80' lang='lat' dir='ltr'>immor·</span> 
     </span>
     <span class='ocr_line' id='line_1_3' title="bbox 43 830 1198 943; baseline 0.003 -34"><span class='ocrx_word' id='word_1_10' title='bbox 43 830 171 911; x_wconf 77' lang='lat' dir='ltr'>talem</span> <span class='ocrx_word' id='word_1_11' title='bbox 186 833 324 913; x_wconf 91' lang='lat' dir='ltr'>Deum</span> <span class='ocrx_word' id='word_1_12' title='bbox 339 862 423 928; x_wconf 95' lang='lat' dir='ltr'>oro,</span> <span class='ocrx_word' id='word_1_13' title='bbox 436 853 481 913; x_wconf 93' lang='lat' dir='ltr'>ut</span> <span class='ocrx_word' id='word_1_14' title='bbox 495 832 729 915; x_wconf 91' lang='lat' dir='ltr'>consueta</span> <span class='ocrx_word' id='word_1_15' title='bbox 697 862 729 938; x_wconf 92' lang='lat' dir='ltr'>eJ</span> <span class='ocrx_word' id='word_1_16' title='bbox 734 863 778 912; x_wconf 89' lang='lat' dir='ltr'>us</span> <span class='ocrx_word' id='word_1_17' title='bbox 713 862 873 943; x_wconf 92' lang='lat' dir='ltr'>Jope</span> <span class='ocrx_word' id='word_1_18' title='bbox 894 861 938 912; x_wconf 93' lang='lat' dir='ltr'>ac</span> <span class='ocrx_word' id='word_1_19' title='bbox 957 834 1198 940; x_wconf 85' lang='lat' dir='ltr'>benignitate</span> 
     </span>
     <span class='ocr_line' id='line_1_4' title="bbox 43 938 1197 1053; baseline 0.003 -32"><span class='ocrx_word' id='word_1_20' title='bbox 43 938 125 1021; x_wconf 86' lang='lat' dir='ltr'>sola</span> <span class='ocrx_word' id='word_1_21' title='bbox 145 941 284 1038; x_wconf 86' lang='lat' dir='ltr'>fretus,</span> <span class='ocrx_word' id='word_1_22' title='bbox 312 973 392 1053; x_wconf 92' lang='lat' dir='ltr'>qua</span> <span class='ocrx_word' id='word_1_23' title='bbox 409 946 650 1053; x_wconf 89' lang='lat' dir='ltr'>integritate,</span> <span class='ocrx_word' id='word_1_24' title='bbox 681 946 902 1053; x_wconf 85' lang='lat' dir='ltr'>diligentia,</span> <span class='ocrx_word' id='word_1_25' title='bbox 939 944 1030 1038; x_wconf 89' lang='lat' dir='ltr'>fide,</span> <span class='ocrx_word' id='word_1_26' title='bbox 1069 944 1197 1024; x_wconf 83' lang='lat' dir='ltr'>felici-</span> 
     </span>
     <span class='ocr_line' id='line_1_5' title="bbox 43 1054 1197 1165; baseline 0.001 -31"><span class='ocrx_word' id='word_1_27' title='bbox 43 1068 127 1135; x_wconf 76' lang='lat' dir='ltr'>tate</span> <span class='ocrx_word' id='word_1_28' title='bbox 148 1057 284 1149; x_wconf 88' lang='lat' dir='ltr'>etiam,</span> <span class='ocrx_word' id='word_1_29' title='bbox 311 1055 514 1136; x_wconf 73' lang='lat' dir='ltr'>fortissime</span> <span class='ocrx_word' id='word_1_30' title='bbox 531 1055 815 1165; x_wconf 71' lang='lat' dir='ltr'>justissimeque</span> <span class='ocrx_word' id='word_1_31' title='bbox 836 1057 950 1135; x_wconf 86' lang='lat' dir='ltr'>srmul</span> <span class='ocrx_word' id='word_1_32' title='bbox 974 1056 1073 1136; x_wconf 72' lang='lat' dir='ltr'>fasta</span> <span class='ocrx_word' id='word_1_33' title='bbox 1091 1054 1197 1136; x_wconf 91' lang='lat' dir='ltr'>haud</span> 
     </span>
     <span class='ocr_line' id='line_1_6' title="bbox 44 1162 1198 1297; baseline 0.004 -53"><span class='ocrx_word' id='word_1_34' title='bbox 44 1162 102 1245; x_wconf 84' lang='lat' dir='ltr'>ita</span> <span class='ocrx_word' id='word_1_35' title='bbox 120 1166 278 1275; x_wconf 86' lang='lat' dir='ltr'>pridem</span> <span class='ocrx_word' id='word_1_36' title='bbox 294 1167 468 1262; x_wconf 90' lang='lat' dir='ltr'>defendi,</span> <span class='ocrx_word' id='word_1_37' title='bbox 487 1170 642 1297; x_wconf 82' lang='lat' dir='ltr'>eadem,</span> <span class='ocrx_word' id='word_1_38' title='bbox 658 1168 721 1248; x_wconf 88' lang='lat' dir='ltr'>vel</span> <span class='ocrx_word' id='word_1_39' title='bbox 737 1197 781 1248; x_wconf 92' lang='lat' dir='ltr'>ea</span> <span class='ocrx_word' id='word_1_40' title='bbox 797 1168 981 1278; x_wconf 71' lang='lat' dir='ltr'>ampliuS,</span> <span class='ocrx_word' id='word_1_41' title='bbox 998 1167 1198 1249; x_wconf 87' lang='lat' dir='ltr'>Authores</span> 
     </span>
     <span class='ocr_line' id='line_1_7' title="bbox 46 1274 1200 1386; baseline 0.004 -31"><span class='ocrx_word' id='word_1_42' title='bbox 46 1274 317 1386; x_wconf 82' lang='lat' dir='ltr'>ipsos,meque</span> <span class='ocrx_word' id='word_1_43' title='bbox 331 1282 447 1360; x_wconf 86' lang='lat' dir='ltr'>tantis</span> <span class='ocrx_word' id='word_1_44' title='bbox 459 1281 551 1359; x_wconf 89' lang='lat' dir='ltr'>viris</span> <span class='ocrx_word' id='word_1_45' title='bbox 566 1282 794 1386; x_wconf 84' lang='lat' dir='ltr'>ignominiae</span> <span class='ocrx_word' id='word_1_46' title='bbox 804 1281 931 1373; x_wconf 91' lang='lat' dir='ltr'>causa,</span> <span class='ocrx_word' id='word_1_47' title='bbox 946 1307 1025 1358; x_wconf 95' lang='lat' dir='ltr'>non</span> <span class='ocrx_word' id='word_1_48' title='bbox 1039 1278 1200 1360; x_wconf 88' lang='lat' dir='ltr'>honoris</span> 
     </span>
    </p>

    <p class='ocr_par' dir='ltr' id='par_1_3' title="bbox 13 1387 1199 1501">
     <span class='ocr_line' id='line_1_8' title="bbox 13 1387 1199 1501; baseline 0.001 -32"><span class='ocrx_word' id='word_1_49' title='bbox 13 1396 22 1481; x_wconf 72' lang='grc' dir='ltr'>ζ</span> <span class='ocrx_word' id='word_1_50' title='bbox 44 1387 229 1469; x_wconf 75' lang='lat' dir='ltr'>rddrtum</span> <span class='ocrx_word' id='word_1_51' title='bbox 241 1391 312 1469; x_wconf 91' lang='lat' dir='ltr'>ab</span> <span class='ocrx_word' id='word_1_52' title='bbox 302 1411 510 1471; x_wconf 78' lang='lat' dir='ltr'>immentrs</span> <span class='ocrx_word' id='word_1_53' title='bbox 520 1392 754 1501; x_wconf 88' lang='lat' dir='ltr'>opprobrns</span> <span class='ocrx_word' id='word_1_54' title='bbox 766 1412 882 1499; x_wconf 92' lang='lat' dir='ltr'>atque</span> <span class='ocrx_word' id='word_1_55' title='bbox 895 1392 1199 1471; x_wconf 81' lang='lat' dir='ltr'>calumnnsvrn</span> 
     </span>
    </p>

    <p class='ocr_par' dir='ltr' id='par_1_4' title="bbox 10 1494 1198 1614">
     <span class='ocr_line' id='line_1_9' title="bbox 45 1498 1198 1614; baseline 0.001 -32.97"><span class='ocrx_word' id='word_1_56' title='bbox 10 1494 180 1597; x_wconf 42' lang='lat' dir='ltr'>,dicare</span> <span class='ocrx_word' id='word_1_57' title='bbox 199 1502 403 1583; x_wconf 85' lang='lat' dir='ltr'>sufficiam.</span> <span class='ocrx_word' id='word_1_58' title='bbox 465 1504 587 1614; x_wconf 84' lang='lat' dir='ltr'>Qod</span> <span class='ocrx_word' id='word_1_59' title='bbox 607 1503 635 1581; x_wconf 84' lang='lat' dir='ltr'>fi</span> <span class='ocrx_word' id='word_1_60' title='bbox 654 1501 1198 1611; x_wconf 82' lang='lat' dir='ltr'>est,quicontemn1haecsa-</span> 
     </span>
    </p>

    <p class='ocr_par' dir='ltr' id='par_1_5' title="bbox 10 1610 1199 2057">
     <span class='ocr_line' id='line_1_10' title="bbox 47 1610 1198 1723; baseline 0.003 -31.875"><span class='ocrx_word' id='word_1_61' title='bbox 47 1610 127 1692; x_wconf 81' lang='lat' dir='ltr'>tius</span> <span class='ocrx_word' id='word_1_62' title='bbox 146 1612 357 1694; x_wconf 82' lang='lat' dir='ltr'>arbitretur</span> <span class='ocrx_word' id='word_1_63' title='bbox 383 1615 563 1723; x_wconf 86' lang='lat' dir='ltr'>potuiffe,</span> <span class='ocrx_word' id='word_1_64' title='bbox 588 1613 712 1693; x_wconf 91' lang='lat' dir='ltr'>fateor</span> <span class='ocrx_word' id='word_1_65' title='bbox 731 1615 932 1721; x_wconf 87' lang='lat' dir='ltr'>equidem,</span> <span class='ocrx_word' id='word_1_66' title='bbox 957 1615 984 1693; x_wconf 86' lang='lat' dir='ltr'>fi</span> <span class='ocrx_word' id='word_1_67' title='bbox 1007 1615 1112 1723; x_wconf 90' lang='lat' dir='ltr'>apud</span> <span class='ocrx_word' id='word_1_68' title='bbox 1132 1643 1198 1696; x_wconf 88' lang='lat' dir='ltr'>eos</span> 
     </span>
     <span class='ocr_line' id='line_1_11' title="bbox 10 1724 1199 1835; baseline 0.003 -33.132"><span class='ocrx_word' id='word_1_69' title='bbox 10 1724 120 1835; x_wconf 60' lang='lat' dir='ltr'>{qui</span> <span class='ocrx_word' id='word_1_70' title='bbox 140 1751 212 1804; x_wconf 83' lang='lat' dir='ltr'>nos</span> <span class='ocrx_word' id='word_1_71' title='bbox 231 1724 333 1806; x_wconf 72' lang='lat' dir='ltr'>recte</span> <span class='ocrx_word' id='word_1_72' title='bbox 353 1725 504 1805; x_wconf 79' lang='lat' dir='ltr'>ndffent</span> <span class='ocrx_word' id='word_1_73' title='bbox 523 1725 605 1805; x_wconf 86' lang='lat' dir='ltr'>haec</span> <span class='ocrx_word' id='word_1_74' title='bbox 628 1726 921 1835; x_wconf 86' lang='lat' dir='ltr'>spargerentur.</span> <span class='ocrx_word' id='word_1_75' title='bbox 952 1726 1098 1804; x_wconf 90' lang='lat' dir='ltr'>caeteris</span> <span class='ocrx_word' id='word_1_76' title='bbox 1119 1754 1199 1834; x_wconf 92' lang='lat' dir='ltr'>qua</span> 
     </span>
     <span class='ocr_line' id='line_1_12' title="bbox 10 1830 1197 1946; baseline 0.001 -31.035"><span class='ocrx_word' id='word_1_77' title='bbox 10 1830 212 1927; x_wconf 78' lang='lat' dir='ltr'>tandem</span> <span class='ocrx_word' id='word_1_78' title='bbox 224 1840 371 1918; x_wconf 91' lang='lat' dir='ltr'>ratione</span> <span class='ocrx_word' id='word_1_79' title='bbox 383 1838 573 1917; x_wconf 87' lang='lat' dir='ltr'>constabit</span> <span class='ocrx_word' id='word_1_80' title='bbox 584 1865 664 1917; x_wconf 91' lang='lat' dir='ltr'>non</span> <span class='ocrx_word' id='word_1_81' title='bbox 677 1837 750 1918; x_wconf 84' lang='lat' dir='ltr'>effe</span> <span class='ocrx_word' id='word_1_82' title='bbox 763 1865 902 1916; x_wconf 90' lang='lat' dir='ltr'>verum</span> <span class='ocrx_word' id='word_1_83' title='bbox 918 1837 1108 1946; x_wconf 92' lang='lat' dir='ltr'>quicquid</span> <span class='ocrx_word' id='word_1_84' title='bbox 1127 1838 1197 1916; x_wconf 90' lang='lat' dir='ltr'>ad-</span> 
     </span>
     <span class='ocr_line' id='line_1_13' title="bbox 10 1930 1199 2057; baseline 0.004 -32.165"><span class='ocrx_word' id='word_1_85' title='bbox 10 1930 237 2039; x_wconf 52' lang='lat' dir='ltr'>iversarius</span> <span class='ocrx_word' id='word_1_86' title='bbox 257 1949 384 2030; x_wconf 87' lang='lat' dir='ltr'>noster</span> <span class='ocrx_word' id='word_1_87' title='bbox 401 1949 457 2028; x_wconf 93' lang='lat' dir='ltr'>est</span> <span class='ocrx_word' id='word_1_88' title='bbox 476 1951 691 2028; x_wconf 91' lang='lat' dir='ltr'>mentitus?</span> <span class='ocrx_word' id='word_1_89' title='bbox 710 1977 805 2027; x_wconf 90' lang='lat' dir='ltr'>cum</span> <span class='ocrx_word' id='word_1_90' title='bbox 824 1968 972 2042; x_wconf 89' lang='lat' dir='ltr'>autem,</span> <span class='ocrx_word' id='word_1_91' title='bbox 993 1950 1097 2042; x_wconf 93' lang='lat' dir='ltr'>data,</span> <span class='ocrx_word' id='word_1_92' title='bbox 1113 1979 1199 2057; x_wconf 87' lang='lat' dir='ltr'>quae</span> 
     </span>
    </p>

    <p class='ocr_par' dir='ltr' id='par_1_6' title="bbox 10 2038 1196 2191">
     <span class='ocr_line' id='line_1_14' title="bbox 10 2038 1196 2191; baseline 0.007 -57"><span class='ocrx_word' id='word_1_93' title='bbox 10 2038 23 2133; x_wconf 73' lang='grc' dir='ltr'>ἶ</span> <span class='ocrx_word' id='word_1_94' title='bbox 10 2059 191 2191; x_wconf 78' lang='lat' dir='ltr'>potest</span> <span class='ocrx_word' id='word_1_95' title='bbox 192 2088 350 2168; x_wconf 90' lang='lat' dir='ltr'>„opera</span> <span class='ocrx_word' id='word_1_96' title='bbox 365 2057 517 2140; x_wconf 71' lang='lat' dir='ltr'>anobrs</span> <span class='ocrx_word' id='word_1_97' title='bbox 529 2080 617 2154; x_wconf 87' lang='lat' dir='ltr'>errt</span> <span class='ocrx_word' id='word_1_98' title='bbox 634 2079 678 2140; x_wconf 91' lang='lat' dir='ltr'>ut</span> <span class='ocrx_word' id='word_1_99' title='bbox 696 2089 777 2167; x_wconf 94' lang='lat' dir='ltr'>quo</span> <span class='ocrx_word' id='word_1_100' title='bbox 790 2062 973 2169; x_wconf 86' lang='lat' dir='ltr'>praeceffit</span> <span class='ocrx_word' id='word_1_101' title='bbox 985 2061 1196 2158; x_wconf 85' lang='lat' dir='ltr'>calumnra,</span> 
     </span>
    </p>

    <p class='ocr_par' dir='ltr' id='par_1_7' title="bbox 10 2138 1198 2280">
     <span class='ocr_line' id='line_1_15' title="bbox 10 2138 1198 2280; baseline 0.002 -30"><span class='ocrx_word' id='word_1_102' title='bbox 10 2240 29 2273; x_wconf 38' lang='lat' dir='ltr'>i·</span> <span class='ocrx_word' id='word_1_103' title='bbox 10 2138 193 2250; x_wconf 84' lang='lat' dir='ltr'>eodem</span> <span class='ocrx_word' id='word_1_104' title='bbox 203 2173 351 2252; x_wconf 85' lang='lat' dir='ltr'>vindex</span> <span class='ocrx_word' id='word_1_105' title='bbox 363 2200 523 2280; x_wconf 92' lang='lat' dir='ltr'>quoque</span> <span class='ocrx_word' id='word_1_106' title='bbox 535 2173 674 2252; x_wconf 89' lang='lat' dir='ltr'>veritas</span> <span class='ocrx_word' id='word_1_107' title='bbox 690 2171 884 2280; x_wconf 88' lang='lat' dir='ltr'>sequatur,</span> <span class='ocrx_word' id='word_1_108' title='bbox 897 2193 937 2252; x_wconf 91' lang='lat' dir='ltr'>et</span> <span class='ocrx_word' id='word_1_109' title='bbox 957 2173 1045 2252; x_wconf 91' lang='lat' dir='ltr'>illos</span> <span class='ocrx_word' id='word_1_110' title='bbox 1060 2173 1109 2251; x_wconf 90' lang='lat' dir='ltr'>de</span> <span class='ocrx_word' id='word_1_111' title='bbox 1124 2202 1198 2253; x_wconf 84' lang='lat' dir='ltr'>no·</span> 
     </span>
    </p>

    <p class='ocr_par' dir='ltr' id='par_1_8' title="bbox 10 2276 1198 2839">
     <span class='ocr_line' id='line_1_16' title="bbox 47 2276 1198 2393; baseline 0.006 -35.782"><span class='ocrx_word' id='word_1_112' title='bbox 47 2276 109 2363; x_wconf 77' lang='lat' dir='ltr'>bis</span> <span class='ocrx_word' id='word_1_113' title='bbox 119 2309 329 2391; x_wconf 86' lang='lat' dir='ltr'>perperam</span> <span class='ocrx_word' id='word_1_114' title='bbox 345 2284 483 2363; x_wconf 91' lang='lat' dir='ltr'>sentire</span> <span class='ocrx_word' id='word_1_115' title='bbox 499 2285 640 2393; x_wconf 91' lang='lat' dir='ltr'>opinor</span> <span class='ocrx_word' id='word_1_116' title='bbox 651 2285 851 2378; x_wconf 89' lang='lat' dir='ltr'>defituros,</span> <span class='ocrx_word' id='word_1_117' title='bbox 865 2304 904 2364; x_wconf 92' lang='lat' dir='ltr'>et</span> <span class='ocrx_word' id='word_1_118' title='bbox 914 2285 1031 2363; x_wconf 90' lang='lat' dir='ltr'>istum</span> <span class='ocrx_word' id='word_1_119' title='bbox 1045 2282 1198 2364; x_wconf 78' lang='lat' dir='ltr'>fortasse</span> 
     </span>
     <span class='ocr_line' id='line_1_17' title="bbox 47 2395 1196 2506; baseline 0 -33"><span class='ocrx_word' id='word_1_120' title='bbox 47 2395 348 2475; x_wconf 81' lang='lat' dir='ltr'>mendaciorum</span> <span class='ocrx_word' id='word_1_121' title='bbox 359 2396 549 2505; x_wconf 89' lang='lat' dir='ltr'>pudebit.</span> <span class='ocrx_word' id='word_1_122' title='bbox 571 2397 691 2475; x_wconf 88' lang='lat' dir='ltr'>sinon</span> <span class='ocrx_word' id='word_1_123' title='bbox 705 2397 902 2506; x_wconf 90' lang='lat' dir='ltr'>puduerit,</span> <span class='ocrx_word' id='word_1_124' title='bbox 917 2414 1003 2474; x_wconf 92' lang='lat' dir='ltr'>tum</span> <span class='ocrx_word' id='word_1_125' title='bbox 1016 2396 1196 2490; x_wconf 90' lang='lat' dir='ltr'>demum,</span> 
     </span>
     <span class='ocr_line' id='line_1_18' title="bbox 49 2500 1197 2617; baseline 0.003 -32"><span class='ocrx_word' id='word_1_126' title='bbox 49 2500 167 2586; x_wconf 74' lang='lat' dir='ltr'>satius</span> <span class='ocrx_word' id='word_1_127' title='bbox 179 2507 541 2616; x_wconf 87' lang='lat' dir='ltr'>contempserimus.</span> <span class='ocrx_word' id='word_1_128' title='bbox 590 2508 731 2587; x_wconf 91' lang='lat' dir='ltr'>Huic</span> <span class='ocrx_word' id='word_1_129' title='bbox 720 2528 868 2587; x_wconf 79' lang='lat' dir='ltr'>interea</span> <span class='ocrx_word' id='word_1_130' title='bbox 886 2504 1110 2617; x_wconf 91' lang='lat' dir='ltr'>responsum</span> <span class='ocrx_word' id='word_1_131' title='bbox 1125 2536 1197 2616; x_wconf 95' lang='lat' dir='ltr'>pro</span> 
     </span>
     <span class='ocr_line' id='line_1_19' title="bbox 47 2617 1196 2728; baseline 0.002 -31"><span class='ocrx_word' id='word_1_132' title='bbox 47 2619 203 2698; x_wconf 86' lang='lat' dir='ltr'>meritis</span> <span class='ocrx_word' id='word_1_133' title='bbox 220 2620 385 2699; x_wconf 87' lang='lat' dir='ltr'>celerius</span> <span class='ocrx_word' id='word_1_134' title='bbox 400 2618 696 2728; x_wconf 82' lang='lat' dir='ltr'>expediviffem,</span> <span class='ocrx_word' id='word_1_135' title='bbox 711 2621 781 2699; x_wconf 84' lang='lat' dir='ltr'>nisr</span> <span class='ocrx_word' id='word_1_136' title='bbox 801 2618 837 2699; x_wconf 91' lang='lat' dir='ltr'>se</span> <span class='ocrx_word' id='word_1_137' title='bbox 852 2617 952 2699; x_wconf 90' lang='lat' dir='ltr'>falfis</span> <span class='ocrx_word' id='word_1_138' title='bbox 973 2618 1196 2699; x_wconf 85' lang='lat' dir='ltr'>rumoribus</span> 
     </span>
     <span class='ocr_line' id='line_1_20' title="bbox 48 2722 1196 2839; baseline -0.001 -30"><span class='ocrx_word' id='word_1_139' title='bbox 48 2722 239 2810; x_wconf 70' lang='lat' dir='ltr'>haetenus</span> <span class='ocrx_word' id='word_1_140' title='bbox 258 2731 479 2825; x_wconf 84' lang='lat' dir='ltr'>muniiffet;</span> <span class='ocrx_word' id='word_1_141' title='bbox 508 2731 606 2811; x_wconf 90' lang='lat' dir='ltr'>dum</span> <span class='ocrx_word' id='word_1_142' title='bbox 626 2732 760 2839; x_wconf 81' lang='lat' dir='ltr'>saepius</span> <span class='ocrx_word' id='word_1_143' title='bbox 782 2731 1044 2823; x_wconf 88' lang='lat' dir='ltr'>denuntiaret,</span> <span class='ocrx_word' id='word_1_144' title='bbox 1068 2729 1144 2809; x_wconf 92' lang='lat' dir='ltr'>ad</span> <span class='ocrx_word' id='word_1_145' title='bbox 1133 2757 1196 2808; x_wconf 87' lang='lat' dir='ltr'>rn-</span> 
     </span>
    </p>

    <p class='ocr_par' dir='ltr' id='par_1_9' title="bbox 25 2839 1198 3396">
     <span class='ocr_line' id='line_1_21' title="bbox 25 2839 1195 2936; baseline -0.003 -13"><span class='ocrx_word' id='word_1_146' title='bbox 25 2840 196 2935; x_wconf 74' lang='lat' dir='ltr'>‚cudem</span> <span class='ocrx_word' id='word_1_147' title='bbox 215 2842 348 2921; x_wconf 89' lang='lat' dir='ltr'>sudare</span> <span class='ocrx_word' id='word_1_148' title='bbox 369 2843 615 2936; x_wconf 88' lang='lat' dir='ltr'>Salmafium,</span> <span class='ocrx_word' id='word_1_149' title='bbox 640 2870 740 2922; x_wconf 92' lang='lat' dir='ltr'>nova</span> <span class='ocrx_word' id='word_1_150' title='bbox 760 2844 996 2922; x_wconf 91' lang='lat' dir='ltr'>volumina</span> <span class='ocrx_word' id='word_1_151' title='bbox 985 2869 1025 2920; x_wconf 86' lang='lat' dir='ltr'>rn</span> <span class='ocrx_word' id='word_1_152' title='bbox 1045 2868 1117 2921; x_wconf 89' lang='lat' dir='ltr'>nos</span> <span class='ocrx_word' id='word_1_153' title='bbox 1136 2839 1195 2920; x_wconf 84' lang='lat' dir='ltr'>fa-</span> 
     </span>
     <span class='ocr_line' id='line_1_22' title="bbox 47 2948 1197 3063; baseline 0 -30"><span class='ocrx_word' id='word_1_154' title='bbox 47 2948 240 3033; x_wconf 86' lang='lat' dir='ltr'>bricare</span> <span class='ocrx_word' id='word_1_155' title='bbox 201 2981 309 3059; x_wconf 86' lang='lat' dir='ltr'>,Jam</span> <span class='ocrx_word' id='word_1_156' title='bbox 322 2955 486 3063; x_wconf 88' lang='lat' dir='ltr'>jamque</span> <span class='ocrx_word' id='word_1_157' title='bbox 502 2955 724 3033; x_wconf 88' lang='lat' dir='ltr'>editorum:</span> <span class='ocrx_word' id='word_1_158' title='bbox 745 2982 795 3032; x_wconf 89' lang='lat' dir='ltr'>ex</span> <span class='ocrx_word' id='word_1_159' title='bbox 810 2982 890 3062; x_wconf 94' lang='lat' dir='ltr'>quo</span> <span class='ocrx_word' id='word_1_160' title='bbox 906 2952 982 3033; x_wconf 90' lang='lat' dir='ltr'>hoc</span> <span class='ocrx_word' id='word_1_161' title='bbox 995 2953 1122 3033; x_wconf 93' lang='lat' dir='ltr'>solum</span> <span class='ocrx_word' id='word_1_162' title='bbox 1141 2954 1197 3033; x_wconf 92' lang='lat' dir='ltr'>est</span> 
     </span>
     <span class='ocr_line' id='line_1_23' title="bbox 48 3063 1196 3192; baseline -0.001 -45"><span class='ocrx_word' id='word_1_163' title='bbox 48 3063 325 3172; x_wconf 84' lang='lat' dir='ltr'>consequutus,</span> <span class='ocrx_word' id='word_1_164' title='bbox 346 3086 390 3145; x_wconf 93' lang='lat' dir='ltr'>ut</span> <span class='ocrx_word' id='word_1_165' title='bbox 406 3066 688 3146; x_wconf 83' lang='lat' dir='ltr'>maledicentiae</span> <span class='ocrx_word' id='word_1_166' title='bbox 707 3093 840 3175; x_wconf 88' lang='lat' dir='ltr'>poenas</span> <span class='ocrx_word' id='word_1_167' title='bbox 859 3066 1060 3192; x_wconf 82' lang='lat' dir='ltr'>aliquanto</span> <span class='ocrx_word' id='word_1_168' title='bbox 1078 3063 1196 3146; x_wconf 87' lang='lat' dir='ltr'>serius</span> 
     </span>
     <span class='ocr_line' id='line_1_24' title="bbox 48 3174 1198 3287; baseline 0 -32"><span class='ocrx_word' id='word_1_169' title='bbox 48 3174 186 3256; x_wconf 83' lang='lat' dir='ltr'>daret:</span> <span class='ocrx_word' id='word_1_170' title='bbox 208 3178 496 3287; x_wconf 70' lang='lat' dir='ltr'>expectandum</span> <span class='ocrx_word' id='word_1_171' title='bbox 516 3180 624 3256; x_wconf 92' lang='lat' dir='ltr'>enim</span> <span class='ocrx_word' id='word_1_172' title='bbox 642 3177 740 3256; x_wconf 88' lang='lat' dir='ltr'>duxi</span> <span class='ocrx_word' id='word_1_173' title='bbox 756 3179 902 3286; x_wconf 89' lang='lat' dir='ltr'>potius,</span> <span class='ocrx_word' id='word_1_174' title='bbox 918 3197 961 3256; x_wconf 93' lang='lat' dir='ltr'>ut</span> <span class='ocrx_word' id='word_1_175' title='bbox 979 3177 1123 3285; x_wconf 91' lang='lat' dir='ltr'>potiori</span> <span class='ocrx_word' id='word_1_176' title='bbox 1138 3179 1198 3255; x_wconf 92' lang='lat' dir='ltr'>vi-</span> 
     </span>
     <span class='ocr_line' id='line_1_25' title="bbox 48 3285 1198 3416; baseline 0.003 -51"><span class='ocrx_word' id='word_1_177' title='bbox 48 3285 160 3366; x_wconf 86' lang='lat' dir='ltr'>ribus</span> <span class='ocrx_word' id='word_1_178' title='bbox 176 3289 406 3382; x_wconf 92' lang='lat' dir='ltr'>adversario,</span> <span class='ocrx_word' id='word_1_179' title='bbox 427 3292 627 3416; x_wconf 85' lang='lat' dir='ltr'>integrum</span> <span class='ocrx_word' id='word_1_180' title='bbox 651 3317 716 3367; x_wconf 89' lang='lat' dir='ltr'>me</span> <span class='ocrx_word' id='word_1_181' title='bbox 740 3289 944 3368; x_wconf 91' lang='lat' dir='ltr'>servarem.</span> <span class='ocrx_word' id='word_1_182' title='bbox 1004 3288 1079 3366; x_wconf 90' lang='lat' dir='ltr'>Sed</span> <span class='ocrx_word' id='word_1_183' title='bbox 1104 3315 1198 3368; x_wconf 89' lang='lat' dir='ltr'>cum</span> 
     </span>
    </p>

    <p class='ocr_par' dir='ltr' id='par_1_10' title="bbox 10 3342 1197 3731">
     <span class='ocr_line' id='line_1_26' title="bbox 10 3342 1194 3531; baseline -0.001 -54"><span class='ocrx_word' id='word_1_184' title='bbox 10 3342 23 3531; x_wconf 68' lang='lat' dir='ltr'>J</span> <span class='ocrx_word' id='word_1_185' title='bbox 48 3397 237 3478; x_wconf 80' lang='lat' dir='ltr'>Salmafio</span> <span class='ocrx_word' id='word_1_186' title='bbox 252 3399 521 3480; x_wconf 86' lang='lat' dir='ltr'>debellatum</span> <span class='ocrx_word' id='word_1_187' title='bbox 505 3429 591 3505; x_wconf 87' lang='lat' dir='ltr'>Jam</span> <span class='ocrx_word' id='word_1_188' title='bbox 605 3406 702 3510; x_wconf 90' lang='lat' dir='ltr'>puto</span> <span class='ocrx_word' id='word_1_189' title='bbox 718 3399 820 3478; x_wconf 93' lang='lat' dir='ltr'>mihi</span> <span class='ocrx_word' id='word_1_190' title='bbox 837 3400 909 3479; x_wconf 84' lang='lat' dir='ltr'>effe</span> <span class='ocrx_word' id='word_1_191' title='bbox 913 3417 1075 3507; x_wconf 89' lang='lat' dir='ltr'>,utpote</span> <span class='ocrx_word' id='word_1_192' title='bbox 1089 3427 1194 3477; x_wconf 96' lang='lat' dir='ltr'>mor-</span> 
     </span>
     <span class='ocr_line' id='line_1_27' title="bbox 10 3502 1197 3619; baseline -0.002 -28.936"><span class='ocrx_word' id='word_1_193' title='bbox 10 3502 140 3609; x_wconf 78' lang='lat' dir='ltr'>[3tuo</span> <span class='ocrx_word' id='word_1_194' title='bbox 154 3530 194 3591; x_wconf 93' lang='lat' dir='ltr'>et</span> <span class='ocrx_word' id='word_1_195' title='bbox 205 3512 543 3619; x_wconf 91' lang='lat' dir='ltr'>quemadmodum</span> <span class='ocrx_word' id='word_1_196' title='bbox 557 3532 730 3605; x_wconf 90' lang='lat' dir='ltr'>mortuo,</span> <span class='ocrx_word' id='word_1_197' title='bbox 744 3539 822 3590; x_wconf 92' lang='lat' dir='ltr'>non</span> <span class='ocrx_word' id='word_1_198' title='bbox 834 3513 982 3591; x_wconf 81' lang='lat' dir='ltr'>dicam</span> <span class='ocrx_word' id='word_1_199' title='bbox 998 3537 1077 3589; x_wconf 93' lang='lat' dir='ltr'>non</span> <span class='ocrx_word' id='word_1_200' title='bbox 1089 3537 1197 3588; x_wconf 88' lang='lat' dir='ltr'>ennn</span> 
     </span>
     <span class='ocr_line' id='line_1_28' title="bbox 10 3621 1198 3753; baseline -0.001 -51.966"><span class='ocrx_word' id='word_1_201' title='bbox 10 3630 95 3731; x_wconf 67' lang='lat' dir='ltr'>{ut</span> <span class='ocrx_word' id='word_1_202' title='bbox 111 3621 181 3703; x_wconf 82' lang='lat' dir='ltr'>ille</span> <span class='ocrx_word' id='word_1_203' title='bbox 200 3621 303 3702; x_wconf 89' lang='lat' dir='ltr'>mihi</span> <span class='ocrx_word' id='word_1_204' title='bbox 321 3625 549 3717; x_wconf 86' lang='lat' dir='ltr'>caecitatem,</span> <span class='ocrx_word' id='word_1_205' title='bbox 571 3625 622 3703; x_wconf 89' lang='lat' dir='ltr'>fic</span> <span class='ocrx_word' id='word_1_206' title='bbox 637 3652 713 3753; x_wconf 80' lang='lat' dir='ltr'>ego</span> <span class='ocrx_word' id='word_1_207' title='bbox 732 3624 791 3702; x_wconf 92' lang='lat' dir='ltr'>illi</span> <span class='ocrx_word' id='word_1_208' title='bbox 810 3642 983 3702; x_wconf 91' lang='lat' dir='ltr'>mortem</span> <span class='ocrx_word' id='word_1_209' title='bbox 1000 3622 1097 3699; x_wconf 93' lang='lat' dir='ltr'>vitio</span> <span class='ocrx_word' id='word_1_210' title='bbox 1110 3649 1198 3700; x_wconf 85' lang='lat' dir='ltr'>ver-</span> 
     </span>
    </p>

    <p class='ocr_par' dir='ltr' id='par_1_11' title="bbox 10 3733 1197 3925">
     <span class='ocr_line' id='line_1_29' title="bbox 10 3733 1197 3925; baseline -0.003 -110"><span class='ocrx_word' id='word_1_211' title='bbox 10 3734 21 3833; x_wconf 72' lang='grc' dir='ltr'><em>ζ</em></span> <span class='ocrx_word' id='word_1_212' title='bbox 47 3750 147 3815; x_wconf 69' lang='lat' dir='ltr'>nm.</span> <span class='ocrx_word' id='word_1_213' title='bbox 208 3738 450 3925; x_wconf 38' lang='lat' dir='ltr'>(ffanquam</span> <span class='ocrx_word' id='word_1_214' title='bbox 467 3736 553 3814; x_wconf 94' lang='lat' dir='ltr'>sunt</span> <span class='ocrx_word' id='word_1_215' title='bbox 556 3738 664 3863; x_wconf 91' lang='lat' dir='ltr'>,qui</span> <span class='ocrx_word' id='word_1_216' title='bbox 670 3762 740 3814; x_wconf 87' lang='lat' dir='ltr'>nos</span> <span class='ocrx_word' id='word_1_217' title='bbox 760 3736 881 3814; x_wconf 90' lang='lat' dir='ltr'>etiam</span> <span class='ocrx_word' id='word_1_218' title='bbox 897 3734 1002 3813; x_wconf 88' lang='lat' dir='ltr'>necis</span> <span class='ocrx_word' id='word_1_219' title='bbox 1014 3733 1095 3839; x_wconf 87' lang='lat' dir='ltr'>ejus</span> <span class='ocrx_word' id='word_1_220' title='bbox 1112 3761 1197 3837; x_wconf 66' lang='lat' dir='ltr'>reor</span> 
     </span>
    </p>

    <p class='ocr_par' dir='ltr' id='par_1_12' title="bbox 10 3800 1194 3955">
     <span class='ocr_line' id='line_1_30' title="bbox 10 3800 1194 3955; baseline -0.003 -28"><span class='ocrx_word' id='word_1_221' title='bbox 10 3800 25 3955; x_wconf 92' lang='lat' dir='ltr'>J</span> <span class='ocrx_word' id='word_1_222' title='bbox 46 3842 238 3939; x_wconf 75' lang='lat' dir='ltr'>faciunt,</span> <span class='ocrx_word' id='word_1_223' title='bbox 227 3847 390 3954; x_wconf 86' lang='lat' dir='ltr'>rosque</span> <span class='ocrx_word' id='word_1_224' title='bbox 406 3847 605 3927; x_wconf 81' lang='lat' dir='ltr'>nostros</span> <span class='ocrx_word' id='word_1_225' title='bbox 568 3847 685 3925; x_wconf 81' lang='lat' dir='ltr'>nimis</span> <span class='ocrx_word' id='word_1_226' title='bbox 700 3849 840 3926; x_wconf 93' lang='lat' dir='ltr'>acriter</span> <span class='ocrx_word' id='word_1_227' title='bbox 855 3846 1002 3926; x_wconf 62' lang='lat' dir='ltr'>strides</span> <span class='ocrx_word' id='word_1_228' title='bbox 1017 3845 1194 3938; x_wconf 89' lang='lat' dir='ltr'>aculeos;</span> 
     </span>
    </p>

    <p class='ocr_par' dir='ltr' id='par_1_13' title="bbox 10 3956 1271 4849">
     <span class='ocr_line' id='line_1_31' title="bbox 10 3956 1195 4071; baseline -0.003 -34"><span class='ocrx_word' id='word_1_229' title='bbox 10 3972 23 4055; x_wconf 62' lang='lat' dir='ltr'>J</span> <span class='ocrx_word' id='word_1_230' title='bbox 10 3984 149 4071; x_wconf 81' lang='lat' dir='ltr'>quoe</span> <span class='ocrx_word' id='word_1_231' title='bbox 166 3956 264 4036; x_wconf 91' lang='lat' dir='ltr'>dum</span> <span class='ocrx_word' id='word_1_232' title='bbox 284 3959 538 4066; x_wconf 89' lang='lat' dir='ltr'>repugnando</span> <span class='ocrx_word' id='word_1_233' title='bbox 561 3959 677 4037; x_wconf 86' lang='lat' dir='ltr'>altius</span> <span class='ocrx_word' id='word_1_234' title='bbox 703 3957 773 4037; x_wconf 88' lang='lat' dir='ltr'>fibi</span> <span class='ocrx_word' id='word_1_235' title='bbox 796 3957 941 4050; x_wconf 75' lang='lat' dir='ltr'>infixit,</span> <span class='ocrx_word' id='word_1_236' title='bbox 968 3957 1066 4035; x_wconf 90' lang='lat' dir='ltr'>dum</span> <span class='ocrx_word' id='word_1_237' title='bbox 1088 3956 1195 4065; x_wconf 92' lang='lat' dir='ltr'>quod</span> 
     </span>
     <span class='ocr_line' id='line_1_32' title="bbox 10 4067 1196 4179; baseline -0.004 -27.839"><span class='ocrx_word' id='word_1_238' title='bbox 10 4095 128 4179; x_wconf 81' lang='lat' dir='ltr'>prae</span> <span class='ocrx_word' id='word_1_239' title='bbox 146 4068 329 4148; x_wconf 85' lang='lat' dir='ltr'>manibus</span> <span class='ocrx_word' id='word_1_240' title='bbox 352 4067 520 4149; x_wconf 91' lang='lat' dir='ltr'>habebat</span> <span class='ocrx_word' id='word_1_241' title='bbox 539 4099 653 4178; x_wconf 81' lang='lat' dir='ltr'>opus,</span> <span class='ocrx_word' id='word_1_242' title='bbox 679 4070 777 4148; x_wconf 92' lang='lat' dir='ltr'>vidit</span> <span class='ocrx_word' id='word_1_243' title='bbox 800 4068 947 4178; x_wconf 86' lang='lat' dir='ltr'>spiffius</span> <span class='ocrx_word' id='word_1_244' title='bbox 970 4068 1196 4176; x_wconf 91' lang='lat' dir='ltr'>procedere,</span> 
     </span>
     <span class='ocr_line' id='line_1_33' title="bbox 48 4179 1271 4290; baseline -0.002 -29"><span class='ocrx_word' id='word_1_245' title='bbox 48 4198 209 4289; x_wconf 80' lang='lat' dir='ltr'>tempus</span> <span class='ocrx_word' id='word_1_246' title='bbox 227 4179 478 4288; x_wconf 83' lang='lat' dir='ltr'>responsronis</span> <span class='ocrx_word' id='word_1_247' title='bbox 501 4181 648 4275; x_wconf 79' lang='lat' dir='ltr'>abiisse,</span> <span class='ocrx_word' id='word_1_248' title='bbox 677 4182 805 4290; x_wconf 89' lang='lat' dir='ltr'>operis</span> <span class='ocrx_word' id='word_1_249' title='bbox 833 4180 1000 4287; x_wconf 89' lang='lat' dir='ltr'>gratiam</span> <span class='ocrx_word' id='word_1_250' title='bbox 1030 4180 1198 4288; x_wconf 80' lang='lat' dir='ltr'>periisse,</span> <span class='ocrx_word' id='word_1_251' title='bbox 1265 4216 1271 4229; x_wconf 62' lang='lat'>¹</span> 
     </span>
     <span class='ocr_line' id='line_1_34' title="bbox 48 4292 1198 4401; baseline -0.002 -30"><span class='ocrx_word' id='word_1_252' title='bbox 48 4293 318 4373; x_wconf 85' lang='lat' dir='ltr'>recordatione</span> <span class='ocrx_word' id='word_1_253' title='bbox 334 4293 475 4373; x_wconf 83' lang='lat' dir='ltr'>amiffae</span> <span class='ocrx_word' id='word_1_254' title='bbox 495 4293 622 4386; x_wconf 85' lang='lat' dir='ltr'>samae,</span> <span class='ocrx_word' id='word_1_255' title='bbox 638 4293 950 4383; x_wconf 85' lang='lat' dir='ltr'>existimationis,</span> <span class='ocrx_word' id='word_1_256' title='bbox 965 4292 1198 4401; x_wconf 92' lang='lat' dir='ltr'>Principum</span> 
     </span>
     <span class='ocr_line' id='line_1_35' title="bbox 48 4402 1197 4534; baseline -0.003 -49"><span class='ocrx_word' id='word_1_257' title='bbox 48 4404 237 4534; x_wconf 42' lang='lat' dir='ltr'>denique·</span> <span class='ocrx_word' id='word_1_258' title='bbox 243 4403 399 4498; x_wconf 81' lang='lat' dir='ltr'>favoris,</span> <span class='ocrx_word' id='word_1_259' title='bbox 416 4407 467 4484; x_wconf 93' lang='lat' dir='ltr'>ob</span> <span class='ocrx_word' id='word_1_260' title='bbox 487 4433 571 4484; x_wconf 91' lang='lat' dir='ltr'>rem</span> <span class='ocrx_word' id='word_1_261' title='bbox 587 4405 737 4510; x_wconf 90' lang='lat' dir='ltr'>regiam</span> <span class='ocrx_word' id='word_1_262' title='bbox 757 4404 860 4482; x_wconf 91' lang='lat' dir='ltr'>male</span> <span class='ocrx_word' id='word_1_263' title='bbox 879 4402 1075 4482; x_wconf 89' lang='lat' dir='ltr'>defensam</span> <span class='ocrx_word' id='word_1_264' title='bbox 1079 4430 1197 4509; x_wconf 91' lang='lat' dir='ltr'>,erga</span> 
     </span>
     <span class='ocr_line' id='line_1_36' title="bbox 47 4515 1199 4644; baseline -0.004 -47"><span class='ocrx_word' id='word_1_265' title='bbox 47 4515 133 4597; x_wconf 92' lang='lat' dir='ltr'>se</span> <span class='ocrx_word' id='word_1_266' title='bbox 119 4516 343 4644; x_wconf 76' lang='lat' dir='ltr'>imminuti,</span> <span class='ocrx_word' id='word_1_267' title='bbox 367 4517 547 4597; x_wconf 89' lang='lat' dir='ltr'>triennali</span> <span class='ocrx_word' id='word_1_268' title='bbox 578 4517 738 4596; x_wconf 91' lang='lat' dir='ltr'>tandem</span> <span class='ocrx_word' id='word_1_269' title='bbox 768 4515 966 4606; x_wconf 89' lang='lat' dir='ltr'>moestitia,</span> <span class='ocrx_word' id='word_1_270' title='bbox 1005 4534 1045 4593; x_wconf 92' lang='lat' dir='ltr'>et</span> <span class='ocrx_word' id='word_1_271' title='bbox 1074 4515 1199 4593; x_wconf 92' lang='lat' dir='ltr'>animi</span> 
     </span>
     <span class='ocr_line' id='line_1_37' title="bbox 44 4623 1195 4737; baseline -0.008 -28"><span class='ocrx_word' id='word_1_272' title='bbox 44 4628 177 4735; x_wconf 80' lang='lat' dir='ltr'>magio</span> <span class='ocrx_word' id='word_1_273' title='bbox 208 4627 453 4737; x_wconf 77' lang='lat' dir='ltr'>aegritudine,</span> <span class='ocrx_word' id='word_1_274' title='bbox 479 4656 600 4736; x_wconf 93' lang='lat' dir='ltr'>quam</span> <span class='ocrx_word' id='word_1_275' title='bbox 632 4627 771 4707; x_wconf 90' lang='lat' dir='ltr'>morbo</span> <span class='ocrx_word' id='word_1_276' title='bbox 796 4624 1023 4707; x_wconf 66' lang='lat' dir='ltr'>confestum</span> <span class='ocrx_word' id='word_1_277' title='bbox 1045 4623 1195 4702; x_wconf 79' lang='lat' dir='ltr'>obiisse.</span> 
     </span>
     <span class='ocr_line' id='line_1_38' title="bbox 45 4735 1197 4849; baseline -0.009 -26"><span class='ocrx_word' id='word_1_278' title='bbox 45 4741 269 4849; x_wconf 86' lang='lat' dir='ltr'>Utcunque</span> <span class='ocrx_word' id='word_1_279' title='bbox 288 4738 551 4834; x_wconf 67' lang='lat' dir='ltr'>tintinnum</span> <span class='ocrx_word' id='word_1_280' title='bbox 566 4768 661 4822; x_wconf 91' lang='lat' dir='ltr'>cum</span> <span class='ocrx_word' id='word_1_281' title='bbox 675 4739 785 4821; x_wconf 88' lang='lat' dir='ltr'>hoste</span> <span class='ocrx_word' id='word_1_282' title='bbox 802 4740 889 4820; x_wconf 89' lang='lat' dir='ltr'>satis</span> <span class='ocrx_word' id='word_1_283' title='bbox 906 4736 1007 4818; x_wconf 92' lang='lat' dir='ltr'>mihi</span> <span class='ocrx_word' id='word_1_284' title='bbox 1021 4735 1197 4842; x_wconf 87' lang='lat' dir='ltr'>cognito,</span> 
     </span>
    </p>
   </div>
   <div class='ocr_carea' id='block_1_3' title="bbox 0 0 1449 5204">
    <p class='ocr_par' dir='ltr' id='par_1_14' title="bbox 0 0 1449 5204">
     <span class='ocr_line' id='line_1_39' title="bbox 0 0 1449 5204; baseline 0 0"><span class='ocrx_word' id='word_1_285' title='bbox 0 0 1449 5204; x_wconf 95' lang='lat' dir='ltr'> </span> 
     </span>
    </p>
   </div>
  </div>
 </body>
</html>
