2888 5204
154 205 226 308 138
423 190 511 279 Pro
539 183 722 316 Populo
750 183 1019 316 Anglicano

147 365 384 442 Dictatores.
446 365 598 550 (Qu
616 360 761 469 species
779 389 919 442 eorum
932 363 1004 457 est,
1017 365 1089 472 qui
1108 359 1272 443 Heroicis

148 472 390 582 temporibus
404 498 524 578 regna
551 491 633 566 ant,
645 472 789 579 quibus
803 473 857 553 ob
873 476 1032 582 egregia
1047 475 1188 554 merita
1204 498 1276 580 reg·

147 613 245 664 num
277 582 381 664 ultrb
410 578 433 661 ὲ
465 583 615 692 populo
644 582 821 664 delatum
846 605 943 679 erat,
975 586 1041 665 sed
1067 585 1281 692 legitimum

149 716 303 790 tamem
334 722 462 801 neque
485 693 578 774 verb
603 692 647 773 hi
674 695 746 774 nifi
768 695 925 776 volente
950 697 1104 806 populo
1129 722 1286 806 regnum
1332 706 1335 713 '

149 806 346 900 tenebant,
365 833 437 885 nec
452 805 528 885 alid
543 833 585 885 re
600 808 726 914 magis
742 806 900 887 differre
914 807 985 888 has
999 828 1174 915 quatuor
1188 807 1287 915 regui

148 918 293 1027 species
312 915 334 996 ὲ
353 917 555 1025 tyrannide
576 919 644 1011 ait,
660 914 781 1025 quim
805 916 914 1025 qubd
931 918 1014 998 illic
1033 920 1210 1014 volente,
1232 918 1291 998 htc

148 1032 272 1110 invito
287 1028 436 1139 populo
456 1048 653 1136 regnetur.
715 1031 867 1141 Qinta
885 1031 1057 1138 denique
1077 1033 1195 1139 regni
1213 1030 1293 1141 spe·

147 1144 241 1236 cies,
272 1170 358 1249 quae
390 1139 646 1249 παμβασιλεία
675 1140 833 1233 dicitur,
861 1161 902 1221 et
929 1141 986 1221 est
1014 1169 1113 1221 cum
1144 1142 1296 1223 summa

149 1253 352 1363 potestate,
379 1253 494 1360 quale
518 1271 561 1332 tu
578 1252 644 1357 jus
676 1279 818 1360 regum
846 1254 1031 1332 omnium
1061 1251 1138 1331 effe
1171 1255 1246 1348 vis,
1273 1250 1297 1333 ti

148 1362 383 1474 philosopho
408 1364 523 1472 plane
550 1363 771 1456 damnatur,
802 1381 847 1442 ut
871 1390 998 1471 neque
1025 1362 1140 1457 utile,
1171 1392 1298 1473 neque

142 1477 308 1581 justum,
326 1503 453 1584 neque
465 1474 655 1568 naturale,
669 1475 739 1553 nifi
756 1474 802 1553 fit
815 1493 859 1554 ut
873 1474 1044 1584 populus
1061 1473 1167 1555 ferre
1185 1476 1300 1587 poffit

149 1587 366 1666 istiusmodi
396 1614 579 1692 regnum,
608 1585 731 1694 iisque
759 1584 908 1665 deferat
937 1586 1010 1693 qui
1035 1587 1186 1668 virtute
1215 1588 1300 1668 aliis

148 1697 331 1778 omnibus
351 1697 467 1804 longe
487 1698 711 1807 praelucent.
770 1698 870 1776 Haec
889 1698 1004 1776 tertio
1023 1698 1299 1805 politicorum,

148 1811 272 1889 cuivis
296 1809 411 1888 obvia
434 1809 534 1888 sunt.
594 1805 747 1888 Veritm
772 1828 830 1901 tu,
853 1807 986 1901 credo,
1013 1828 1059 1887 ut
1085 1809 1151 1889 vel
1179 1808 1300 1891 semel

148 1920 370 2029 ingeniosus
383 1939 422 2000 et
437 1920 596 2000 floridus
612 1919 685 2001 effe
698 1920 885 2013 viderere,
897 1920 965 1997 tas
975 1918 1134 2028 quinque
1147 1950 1302 2001 monar-

149 2032 392 2141 clriaespecies
409 2033 566 2141 quinque
583 2031 688 2111 zonis
707 2032 847 2110 mundi
861 2031 1066 2110 affimilare
1082 2032 1276 2140 gestiebas
1286 2064 1299 2129 ς

149 2146 259 2225 Inter
272 2144 341 2224 duo
355 2163 522 2224 extrema
534 2143 712 2251 potentiae
730 2142 868 2249 regalis
886 2158 964 2222 tres
981 2143 1224 2252 aliaespecies
1240 2144 1300 2224 in-

147 2256 330 2364 terposttae
361 2256 480 2362 magis
508 2271 724 2362 temperatae
747 2254 939 2346 uidentur,
974 2270 1018 2333 ut
1049 2254 1153 2334 inter
1184 2284 1301 2337 zonas

147 2367 329 2447 torridam
352 2384 390 2446 et
405 2365 612 2474 frigidam,
638 2395 721 2474 quae
743 2364 869 2445 medice
887 2362 1033 2469 jacent.
1092 2367 1128 2445 F
1128 2366 1300 2448 estivum

146 2478 286 2587 caput!
328 2507 449 2586 quam
479 2475 661 2585 pulchras
694 2476 805 2556 nobis
836 2476 1110 2557 srmilitudines
1143 2478 1300 2588 semper

146 2588 376 2670 concinnas!
416 2590 483 2668 Tu
497 2589 633 2696 igitur,
646 2587 728 2695 qud
744 2615 912 2695 regnum
926 2587 1102 2693 absoluta
1106 2589 1301 2698 potestatis

146 2702 226 2810 ipse
241 2703 416 2794 damnas,
432 2701 479 2779 ad
495 2728 638 2779 zonam
654 2697 843 2806 frigidam
857 2696 952 2778 hinc
965 2696 1086 2807 ocyirs
1106 2701 1296 2795 amolire;

146 2842 232 2921 quae
254 2814 340 2923 post
364 2812 576 2891 adventum
597 2811 678 2890 illic
704 2830 818 2891 tuum
842 2810 931 2919 plus
957 2811 1080 2920 duplo
1107 2809 1295 2918 frigebit:

147 2953 218 3004 nos
246 2925 405 3003 interim
433 2919 455 3001 ὲ
481 2941 517 3001 te
547 2949 649 3001 novo
676 2919 919 3001 Archimede
945 2921 1134 3031 sphaeram
1169 2924 1295 3017 illam,

146 3065 268 3145 quam
291 3034 487 3127 describis,
512 3033 734 3113 mirabilem
757 3035 1025 3141 expectamus,
1047 3035 1087 3112 in
1107 3061 1188 3140 qua
1214 3037 1298 3115 duae

147 3148 220 3228 fint
246 3166 430 3228 extremae
457 3173 578 3238 zonae,
602 3174 680 3224 una
705 3145 863 3237 torrida,
890 3144 1008 3223 altera
1031 3143 1194 3252 frigida,
1222 3165 1297 3226 tres

144 3261 283 3340 mediae
310 3276 545 3367 temperate.
605 3259 739 3362 Reges,
767 3256 911 3364 inquis,
937 3256 1298 3337 Lacedaemoniorum

145 3374 184 3453 in
202 3372 355 3452 vincula
373 3369 506 3474 conjici
506 3368 582 3474 fas
600 3386 699 3460 erat,
718 3385 834 3446 morte
850 3367 1011 3446 multari
1012 3367 1087 3475 fas
1105 3396 1176 3447 non
1196 3386 1295 3450 erat.

148 3485 310 3591 Qrare?
340 3510 388 3561 an
402 3483 495 3589 quia
511 3480 742 3559 damnatum
755 3480 882 3587 capite
896 3477 1296 3585 Agidemlidtoreset
1323 3542 1326 3547 -

145 3595 345 3704 peregrini
366 3593 512 3671 milites
531 3593 588 3670 rei
608 3592 779 3670 novitate
794 3590 973 3698 perculsi,
995 3616 1133 3697 regem
1151 3591 1296 3671 ducere

145 3707 193 3785 ad
213 3725 384 3785 mortem
411 3730 490 3783 non
513 3702 588 3781 effe
606 3699 662 3781 fas
685 3701 988 3781 existimabant?
1046 3703 1101 3780 Et
1124 3702 1297 3810 populus

21 3906 24 3913 ,
145 3818 308 3926 quidem
330 3819 538 3924 Spartanus
555 3814 635 3918 ejus
656 3831 827 3893 mortem
842 3811 941 3919 aegre
959 3812 1064 3906 tulit,
1085 3840 1165 3891 non
1185 3813 1296 3921 quod

145 3958 214 4010 rex
231 3929 390 4038 capitali
410 3926 602 4036 supplicio
617 3924 779 4004 affectus
799 3921 932 4017 fuerit,
946 3924 1010 4003 sed
1025 3922 1133 4031 qubd
1153 3923 1296 4019 bonus,

144 4062 184 4122 et
197 4040 411 4153 popularis,
424 4036 591 4118 factione
608 4037 778 4115 divitum
792 4035 944 4140 judicio
961 4035 1030 4115 illo
1042 4036 1297 4116 circumven-

144 4174 205 4235 tus
220 4155 326 4234 effet.
384 4152 448 4230 Sic
469 4152 601 4256 itaque
616 4146 863 4240 Plutarchus,
877 4147 1025 4255 prtinus
1043 4176 1112 4227 rex
1131 4149 1237 4254 Agis
1249 4147 1297 4230 ab

142 4267 284 4375 ephoris
295 4264 344 4372 est
356 4282 472 4342 morte
485 4261 666 4341 multatus
679 4290 692 4351 ,·
714 4261 857 4366 quibus
869 4259 997 4338 verbis
1012 4286 1091 4338 non
1107 4260 1209 4366 quid
1223 4258 1296 4354 fas,

141 4379 206 4459 sed
225 4377 321 4486 quid
341 4373 490 4455 factum
506 4373 566 4466 fit,
587 4369 862 4452 tantummode>
887 4388 1029 4451 narrat.
1091 4371 1207 4452 Nam
1226 4373 1297 4482 qui
