2888 5204
473 546 711 650 Defensm.
751 557 868 684 Cap.
903 587 979 649 12.
1017 547 1020 550 ¹
1224 568 1298 676 183

138 720 347 832 sacrilego,
375 744 534 834 tamque
561 728 708 806 incesto
738 754 805 805 ore
834 725 922 819 elle,
945 745 989 805 ut
1016 725 1300 806 sacramentum

139 834 478 942 religiofiffimum
498 841 608 918 tastis
629 838 854 945 Evangeliis
874 839 1026 931 datum,
1047 839 1152 945 quast
1173 866 1242 947 per
1262 839 1298 918 se

138 944 363 1028 leviculum
393 949 488 1030 solvi
515 950 592 1029 s1ne
620 950 731 1030 causa
758 950 863 1058 polle
891 949 1050 1028 afferat?
1117 951 1179 1028 Te
1206 949 1299 1030 verb

139 1055 268 1139 scelus
287 1079 406 1169 atque
427 1082 669 1171 portentum,
690 1062 770 1171 ipse
793 1062 957 1141 Carolus
974 1061 1196 1168 redarguit3
1227 1065 1297 1169 qui

137 1194 240 1249 cum
256 1170 541 1253 sacramentum
557 1174 656 1253 illud
671 1202 749 1254 non
767 1174 840 1252 elle
857 1201 925 1281 per
937 1171 973 1252 se
990 1173 1074 1252 leve
1088 1173 1297 1282 quidpiam

137 1281 399 1379 existimaret,
420 1285 569 1366 idcirco
588 1286 670 1391 ejus
686 1285 919 1393 religionem
935 1303 1002 1363 aut
1015 1283 1296 1392 subterfugere,

137 1412 212 1472 aut
232 1393 387 1476 fallacis
402 1399 538 1506 quavis
558 1398 716 1478 eludere
737 1398 852 1477 satius
869 1397 999 1489 duxit,
1019 1394 1139 1505 quam
1164 1396 1296 1505 aperte

138 1505 308 1600 violare,
336 1527 376 1588 et
398 1529 606 1618 corruptor
626 1509 880 1615 jurisjurandi
912 1508 1027 1614 hujus
1056 1529 1095 1588 et
1125 1508 1297 1589 falsarius

136 1616 218 1696 elle
240 1619 396 1714 maluit,
416 1619 538 1729 quam
558 1620 761 1701 manifeste
782 1620 972 1730 perjurus.
1015 1622 1072 1699 At
1088 1619 1179 1699 verb
1179 1622 1297 1726 jurat

137 1728 285 1836 quidem
302 1760 372 1811 rex
384 1735 517 1842 populo
522 1732 608 1839 stro,
630 1752 673 1812 ut
685 1734 843 1843 populus
865 1731 1015 1837 uicifflm
1041 1733 1136 1838 regi,
1143 1731 1219 1839 sed
1226 1750 1296 1842 po-

132 1840 252 1949 prasus
257 1843 376 1948 jurat
395 1845 481 1952 regi
477 1845 716 1953 fidelitatem,
733 1874 802 1924 non
811 1845 942 1952 populo
957 1873 1038 1922 rex.
1097 1845 1296 1952 Lepidum

137 1949 232 2033 sane
257 1953 432 2036 hominis
455 1957 751 2037 commentum!
782 1984 910 2035 annon
934 1956 1004 2064 qui
1024 1955 1176 2060 juratus
1204 1985 1296 2064 pro-

135 2064 269 2144 mittit
294 2086 410 2175 atque
434 2069 598 2178 spondet
621 2068 657 2148 se
685 2068 891 2177 quidpiam
919 2067 1085 2147 fideliter
1105 2070 1296 2176 praestitu-

140 2202 249 2269 rum,
270 2177 392 2259 fidem
418 2179 526 2260 suam
549 2183 597 2261 iis
622 2181 772 2288 obligat
790 2181 861 2288 qui
881 2178 1156 2284 jusjurandum
1181 2181 1229 2259 ab
1249 2211 1295 2261 eo

139 2289 338 2395 exigunt?
397 2294 489 2372 Rex
508 2292 594 2372 land
614 2294 743 2372 omnis
767 2291 896 2399 quoad
921 2292 1131 2400 praestanda
1150 2319 1194 2369 ea
1211 2320 1296 2399 quae

139 2403 356 2509 promittit,
387 2404 669 2511 etssdelitatem,
698 2423 737 2482 et
764 2402 976 2512 obstquium,
997 2422 1036 2481 et
1064 2401 1296 2482 obedientiam

131 2514 269 2620 populo
281 2513 403 2619 jurat.
450 2518 533 2596 Hic
548 2518 596 2597 ad
614 2515 882 2595 Guilielmum
900 2515 1220 2622 Conquaestorem
1233 2544 1295 2594 re-

136 2625 280 2719 curris,
304 2629 375 2734 qui
402 2629 497 2737 ipse,
522 2656 601 2709 non
627 2628 733 2736 quod
763 2627 832 2706 s1bi
857 2626 1081 2706 collibitum
1112 2645 1207 2719 erat,
1232 2626 1296 2706 sed

137 2736 251 2843 quod
267 2740 437 2846 populus
453 2741 501 2820 ab
515 2769 562 2820 eo
578 2758 618 2819 et
633 2759 834 2846 magnates
847 2738 1104 2847 postulabant,
1122 2738 1161 2816 id
1174 2766 1293 2818 omne

137 2843 249 2927 haud
265 2848 385 2930 semel
391 2851 522 2957 jurare
539 2852 594 2930 est
609 2856 765 2932 coaslus
786 2850 822 2929 se
839 2850 1114 2958 praestiturum.
1157 2849 1294 2959 de

138 2956 169 3036 li
193 2961 314 3040 multi
337 2991 447 3070 reges
474 2993 641 3044 coronam
668 2963 816 3042 solenni
835 2963 913 3041 ritu
934 2990 1011 3041 non
1030 2961 1233 3071 accpiunt,
1256 2981 1295 3042 et

138 3072 307 3180 proinde
335 3102 412 3153 non
426 3076 574 3180 jurant,
596 3095 636 3155 et
661 3096 791 3155 tamen
820 3092 998 3180 regnant,
1024 3073 1130 3152 idem
1153 3075 1202 3153 de
1226 3103 1296 3182 po·
1410 3092 1412 3099 '

140 3183 241 3291 pulo
260 3185 481 3294 responderi
499 3188 647 3296 potest:
679 3187 788 3292 cujus
805 3213 891 3295 pars
908 3212 1050 3292 magna
1066 3186 1295 3265 fidelitatem

138 3320 348 3405 nunquam
361 3299 522 3404 juravit.
566 3301 606 3378 Si
619 3327 688 3378 rex
705 3299 756 3378 ob
773 3327 861 3378 eam
873 3296 1027 3376 causam
1044 3297 1188 3377 solutus
1204 3299 1293 3391 erit,

138 3408 217 3486 erit
232 3426 273 3487 et
287 3412 471 3519 populus.
525 3417 626 3524 Qae
638 3431 770 3491 autem
786 3438 872 3519 pars
886 3410 1024 3518 populi
1032 3408 1202 3514 jurabat,
1216 3436 1295 3488 non

139 3520 227 3626 regi
246 3519 390 3616 solum,
409 3522 472 3602 sed
488 3550 609 3630 regno
624 3542 663 3601 et
678 3522 832 3630 legibus
841 3521 1010 3627 jurabat,
1029 3517 1051 3599 {a
1065 3519 1208 3628 quibus
1224 3547 1294 3599 rex

138 3626 265 3711 fastus
284 3632 353 3727 est,
374 3653 413 3713 et
434 3636 598 3742 quidem
621 3653 780 3713 eatenus
804 3630 957 3712 tantirm
985 3632 1084 3739 regi,
1104 3632 1235 3740 quoad
1262 3633 1294 3711 is

139 3740 249 3851 leges
269 3743 502 3839 observaret,
523 3776 615 3856 quas
633 3747 785 3852 vulgus,
803 3746 843 3824 id
858 3745 927 3837 est,
942 3747 1203 3823 communitas
1219 3743 1295 3822 five

138 3853 318 3962 plebeius
337 3849 432 3938 ordo
452 3859 618 3965 elegerit.
679 3858 841 3938 Stultior
861 3857 969 3935 enim
990 3856 1049 3950 fit,
1066 3856 1137 3964 qui
1156 3846 1293 3963 legum

140 3967 361 4047 nostrarum
382 3970 582 4079 loquelam
602 3971 650 4050 ad
667 3971 868 4080 puriorem
888 3968 1041 4076 semper
1060 3969 1294 4048 latinitatem

139 4079 302 4186 exigere
320 4081 429 4161 velit,
489 4084 607 4162 Hanc
622 4081 850 4174 clausulam,
869 4109 960 4189 quar
975 4080 1113 4188 uulgus
1127 4079 1293 4187 elegerit,

141 4189 328 4287 Carolus,
351 4212 562 4302 antequam
593 4221 779 4273 coronam
807 4193 1015 4300 acciperet,
1044 4221 1094 4272 ex
1124 4191 1296 4272 formula

130 4299 351 4406 juramenti
372 4307 471 4414 regii
490 4304 725 4386 eradendam
745 4306 909 4384 curavit.
968 4304 1039 4396 At,
1060 4306 1204 4412 inquis,
1210 4303 1296 4408 stne

136 4416 240 4524 regis
249 4416 390 4526 affinsu
401 4418 525 4498 nullas
536 4420 631 4525 leges
641 4420 780 4525 uulgus
791 4414 941 4522 elegerit
955 4445 969 4507 ;
995 4443 1120 4525 eoque
1134 4417 1296 4496 nomine

136 4524 385 4638 duofstatura
408 4531 519 4624 citas,
545 4558 671 4608 unum
691 4531 801 4607 Anni
825 4553 956 4607 xxxvr
972 4553 1006 4607 1.
1038 4530 1147 4608 Hen.
1173 4529 1228 4606 vi.
1257 4555 1293 4606 c.

138 4664 204 4724 xv.
225 4641 395 4721 alterum
411 4641 543 4721 decimo
563 4640 688 4733 tertio,
706 4639 906 4720 Edouardi
924 4639 976 4718 iv.
992 4667 1027 4719 c.
1042 4642 1126 4719 viii.
1184 4639 1296 4717 Tan-

136 4749 224 4832 tirm
241 4772 376 4833 autem
392 4751 497 4833 abest
510 4781 589 4860 quo
601 4750 731 4832 minirs
746 4777 884 4832 eorum
897 4751 1128 4832 alterutrum
1141 4750 1181 4829 in
1195 4748 1300 4829 libro
