796 1583
175 285 265 310 Contra
277 284 440 309 Alexandrum
452 285 557 309 Morum.
615 295 654 315 349

94 328 129 348 des
135 327 176 348 haze
184 328 219 352 est,
226 328 395 356 quemadmodum
403 329 438 352 est,
446 328 538 356 publica?
553 328 566 348 fi
576 328 656 356 publica

94 356 116 380 st,
126 356 296 383 quemadmodum
305 356 334 376 est
343 357 390 377 tua?
406 356 533 384 Relinquitur
543 361 565 376 ut
574 357 605 376 vel
616 357 655 377 im-

94 384 166 404 rudens
172 383 211 404 hoc
221 384 280 404 titulo
288 384 400 412 fignificass‘e
408 384 484 404 videare
492 384 540 404 clim
546 385 655 405 Alexandri

94 412 138 432 ‘Iori
147 411 284 440 fides'publica
294 412 324 436 fit,
331 411 419 440 adedque
429 419 468 432 non
479 417 523 436 tua;
535 412 599 432 rursus
608 412 656 433 cum

94 447 115 460 ia
123 440 152 463 fit,
159 439 243 467 ideoque
253 447 292 460 non
302 440 389 468 publica,
399 440 449 460 hanc
459 447 519 467 quam
528 440 586 460 affers
596 440 655 461 fidem

94 473 225 495 :pugnantem
237 473 257 488 et
270 468 395 496 implicitam,
410 475 447 488 nec
458 468 559 495 publicam
572 468 610 488 effe
620 475 656 488 nec

94 503 150 516 ram:
188 496 223 516 uid
231 497 292 524 ergo?
302 501 336 516 aut
343 496 432 520 dubiam,
441 501 474 516 aut
483 497 570 520 inanem,
577 502 611 517 aut
620 497 655 517 de-

96 524 143 551 ique
157 524 191 544 nul
211 531 239 544 m.
269 524 330 552 de
342 525 355 544 fi
367 524 469 545 contendis
479 524 529 544 hanc
541 524 601 544 fidem
611 532 655 545 om-

95 552 130 572 ino
143 552 180 572 effi:
195 552 303 579 publicam,
315 559 358 580 quae
373 557 407 573 tua
418 557 470 572 tanta
485 552 606 580 impudentia
621 552 656 576 est,

94 580 151 603 dore,
161 585 184 600 ut
192 579 240 600 cum
249 580 310 600 fidem
320 580 359 608 ipse
371 580 447 600 nullam
458 579 537 603 habeas,
549 587 609 607 quam
619 587 656 608 pro

94 615 103 628 e
109 608 186 631 afferas,
194 613 224 628 tot
229 608 303 635 flagitia
308 613 420 636 perpetrare
426 608 464 628 fide
470 608 549 636 publica
556 608 656 628 existimes

94 636 120 656 ibi
128 636 201 656 licere?
211 641 234 656 ut
242 643 344 664 nunquam
351 635 397 656 alias
404 636 444 657 dici
453 635 525 663 verius,
533 635 594 663 quarn
603 636 628 656 de
637 641 656 656 te

94 664 188 684 erficulus
194 664 229 684 iste
236 664 331 687 videatur,
339 664 386 691 quic
401 664 435 684 uid
441 669 509 691 peccat
517 664 596 687 Morus,
602 665 656 692 plec-

94 692 132 712 itur
142 691 189 712 fides
198 691 285 719 publica.
315 692 364 712 Haec
374 692 389 712 ti
404 692 410 712 i
421 699 458 712 una
471 692 549 712 licentia
561 692 575 712 fi
585 699 656 712 conce-

96 724 148 743 atur,
160 726 199 740 non
213 725 234 740 tu
245 720 358 740 Alexander
368 720 446 744 Morus,
459 720 491 740 sed
500 720 613 740 Alexander
623 720 656 740 ille

94 747 183 775 ’hrygius
191 748 235 768 mea
242 748 324 775 quidem
334 748 428 768 sententia
437 747 575 768 nominaberis.
606 748 656 768 Bea-

94 782 128 796 um
134 776 214 796 interim
222 781 249 799 te,
255 776 288 796 cui
292 776 365 796 militet
370 776 417 796 fides
423 775 507 803 publica.
515 776 590 796 Contra
596 783 657 803 quern

94 804 165 824 utem?
179 809 246 825 contra
259 811 312 825 meas
326 811 398 832 nempe
409 804 517 824 calumnias.
546 804 601 831 Qas
614 809 656 824 tan-

96 838 131 852 em
146 832 201 852 illas?
215 839 240 852 an
254 831 308 859 quod
323 832 402 852 infamis
416 832 478 852 libelli
488 832 586 852 Clamoris
597 832 657 859 Regii

94 859 189 880 uthorem
199 865 218 880 te
230 860 379 886 affirmaverim,¹
388 867 441 880 nunc
454 860 514 880 etiam
523 860 574 886 justa
585 859 657 887 proba-

94 888 138 908 ione
148 887 261 915 arguerim?
276 893 295 908 at
304 888 387 908 verbum
399 888 423 908 de
438 888 474 908 isto
488 888 573 908 clamore
588 888 609 907 in
624 893 657 908 tua

94 916 124 936 lde
137 915 216 943 publica
229 916 313 936 nullum.
342 917 375 936 An
384 916 438 943 quod
451 915 562 936 hortensem
572 921 591 936 te
600 916 657 936 adul-

94 950 157 967 =rum‚
163 944 293 964 domesticum
300 944 341 964 Pon
344 944 374 964 τίκ
379 944 508 971 stupratorem
516 944 657 964 enarraverim?

94 976 103 992 t
111 971 165 992 horti
172 971 264 999 percaute
272 977 293 992 tu
301 972 382 999 quidem
390 979 413 992 ac
419 971 488 992 timide
495 972 617 992 mentionem
628 971 657 991 fa-

94 1000 125 1023 is:
142 999 191 1020 sada
207 999 311 1027 utrobique
328 1000 401 1027 flagitia
416 1005 450 1020 aut
465 1006 504 1019 non
519 999 608 1022 omnino,
624 1004 658 1019 aut

94 1027 166 1055 ›bl-ique
180 1027 257 1048 tantum
269 1032 289 1048 et
300 1027 372 1055 frigide
382 1035 448 1055 negas.
477 1027 533 1075 ngid
541 1034 589 1054 ergo
597 1027 658 1047 fidem

94 1055 187 1076 ›ublicam
197 1055 299 1076 sollicitare
309 1062 359 1083 opus
366 1062 407 1076 erat
417 1056 440 1076 iis
449 1055 474 1075 de
484 1062 504 1075 re
518 1062 548 1079 us,
561 1062 608 1082 quas
622 1062 658 1075 au-

94 1084 166 1103 laeteri
182 1083 200 1103 se
210 1090 281 1111 negare
291 1090 330 1104 non
343 1084 412 1111 potes?
428 1083 479 1104 nihil
491 1083 542 1107 sane,
555 1083 590 1103 nifi
604 1083 658 1110 quod

94 1091 236 1132 ircumkiiranei
246 1111 402 1139 pharmacopolae
409 1117 429 1132 et
435 1111 531 1132 vaniffimi
538 1111 658 1131 circulatoris

94 1146 124 1160 loc
134 1139 196 1160 solum
205 1140 241 1160 tibi
249 1139 319 1163 defuit,
327 1144 349 1160 ut
356 1140 425 1167 elogiis
432 1147 455 1160 ac
463 1139 586 1163 testimoniis,
594 1139 658 1159 nescio

94 1169 197 1216 lliuffiss
207 1167 507 1222 ifflsffi‘iiir'e‘squewcl'iiessillif‘h
513 1167 659 1215 οὲἷῖἳῗῗιξέῗ

321 1211 326 1216 ·
652 1210 659 1219 2

94 1224 152 1244 ninus
158 1230 298 1247 commoveor;
308 1223 468 1251 quandoquidem
477 1223 500 1247 is,
506 1224 541 1251 qui
549 1223 573 1243 ab
579 1224 659 1244 oraculo

94 1251 242 1279 ipienfissimus,
249 1251 273 1271 ab
280 1252 309 1272 tui
317 1251 412 1272 firnilibus
419 1252 488 1272 Scurra
496 1252 574 1271 Atticus
583 1252 611 1271 est
616 1252 659 1271 dic-

94 1286 123 1300 us.
153 1280 196 1299 Cur
205 1284 272 1300 autem
283 1280 352 1300 Scurra
362 1279 398 1300 tibi
405 1280 480 1303 videor,
489 1280 562 1299 More?
572 1286 597 1299 an
605 1279 659 1307 quod

94 1314 99 1327 ι
126 1307 184 1328 uitias
195 1312 237 1328 tuas
250 1308 348 1328 interdum
361 1307 408 1328 false
420 1307 579 1335 perstrinxerim?
595 1314 623 1327 nae
638 1312 659 1327 tu

94 1335 116 1356 lu
125 1336 163 1356 tior
173 1336 203 1359 fis,
213 1336 280 1359 More,
287 1341 307 1356 et
317 1335 381 1356 adhuc
391 1336 454 1363 magis
464 1335 562 1358 ridendus,
574 1335 587 1355 si
596 1342 660 1362 quen-
