2888 5204
916 419 930 434 =⁷

379 610 384 619 ·
436 560 675 666 Defenfio.
713 556 832 703 Cap.
859 601 903 694 5.
1169 593 1245 693 105³

110 767 154 821 or
170 738 231 821 sui
250 742 368 849 regis,
388 743 573 851 quicum
596 744 689 847 odio
707 743 908 854 potestatis
935 743 1065 852 regiae,
1086 743 1246 850 injurias

110 873 131 932 ετ
149 851 326 934 facinora
344 879 486 963 regum
505 874 691 965 exponat,
707 856 937 936 violationes
955 855 1106 965 legum,
1124 856 1245 937 caedes
1272 955 1285 976 Ι

110 965 427 1060 odemnatorum,
447 966 592 1077 stupra,
613 968 817 1062 adulteria,
837 965 914 1047 hoc
942 985 984 1048 tu
997 968 1063 1074 jus
1089 970 1246 1077 regium

110 1078 150 1157 'io
160 1079 368 1188 appellari,
381 1099 422 1160 et
434 1080 626 1160 Samuelis
642 1081 787 1160 iterum
800 1080 1066 1160 calumniandi
1080 1081 1121 1159 in
1131 1109 1246 1160 men·

110 1216 174 1269 em
193 1189 269 1271 tibi
286 1191 411 1273 venis.
469 1192 536 1272 De
564 1192 746 1273 Homero
764 1193 834 1300 qui
853 1219 964 1300 reges
983 1191 1056 1271 effe
1076 1192 1124 1272 ab
1143 1193 1244 1296 Jove

110 1301 251 1397 ecinit,
265 1301 379 1413 supra
391 1302 594 1411 respondi:
627 1302 817 1415 Philippo
830 1305 914 1413 regi
926 1302 991 1409 jus
1007 1305 1163 1412 regium
1181 1305 1245 1383 in·

110 1416 323 1524 erpretanti
346 1433 428 1494 tam
456 1415 614 1496 credam
637 1413 759 1525 quim
787 1417 946 1496 Carolo.
1006 1417 1070 1494 Ex
1098 1418 1246 1498 Dioto-

110 1526 203 1625 ‚enis
222 1526 364 1606 deinde
385 1522 623 1635 Pythagorei
643 1526 865 1636 fragmento
891 1528 1071 1636 quaedam
1096 1528 1246 1636 produ-

110 1637 161 1732 ia,
182 1657 225 1718 at
243 1638 352 1746 quali
367 1638 399 1718 is
411 1639 459 1718 de
471 1666 564 1748 rege
576 1639 680 1719 dicat
691 1658 807 1721 taces.
865 1639 1016 1748 Accipe
1030 1640 1152 1745 igitur
1164 1667 1245 1747 quo

110 1748 158 1829 lle
177 1748 269 1830 usus
288 1748 346 1829 est
364 1750 551 1845 exordio;
579 1750 628 1831 ad
646 1751 755 1860 quod
774 1749 910 1832 referri
928 1778 1014 1858 quae
1032 1750 1247 1859 sequuntur

110 1864 234 1941 untsta
253 1861 410 1944 debent.
450 1861 617 1955 Βατιλεῦς
634 1861 668 1944 κ’
688 1858 737 1960 ein
752 1862 768 1943 i
785 1859 1015 1956 lanarium,
1035 1880 1109 1945 ete.
1161 1865 1246 1943 Rex

110 1970 301 2081 llefleerri‘,
314 1972 589 2084 quijustffmus
602 1974 664 2082 ss,
670 1973 882 2084 justffrnus
895 1993 1032 2070 autern,
1044 1975 1112 2086 qui
1123 1975 1245 2069 maxi·

110 2084 357 2193 illegitimus,
369 2113 462 2166 nam
475 2085 707 2192 finejultitia
720 2088 850 2167 nullus
863 2114 931 2165 rex
942 2086 1006 2197 effi
1011 2087 1166 2197 poterit,
1180 2115 1245 2168 ne-

110 2195 503 2307 rtejustitiafinelege.
535 2200 635 2279 Haec
644 2227 739 2278 cum
743 2199 832 2306 jure
847 2217 916 2278 tuo
928 2197 1070 2306 regioe
1087 2199 1246 2307 regione

110 2326 288 2417 tugnant.
333 2309 486 2389 Eadem
497 2309 563 2391 abs
579 2329 617 2390 te
633 2311 816 2392 recitatus
832 2308 1056 2419 Ecphantas
1071 2306 1245 2420 philoso-

110 2416 251 2503 thatur.
264 2417 317 2502 lo
338 2417 424 2502 inni
437 2418 494 2503 riu
504 2419 551 2513 ric
562 2419 671 2504 retinuit
682 2417 937 2520 κατατταῖντα,
947 2439 1023 2501 etc.
1034 2437 1175 2530 oportet
1183 2419 1254 2532 qui

110 2560 249 2639 'egnum
246 2532 407 2643 fiescipit
410 2533 637 2641 purffrnurn
646 2552 683 2614 et
692 2533 937 2640 lucriiiffirnurn
947 2532 1090 2614 naturei
1100 2532 1185 2641 effi:
1207 2552 1247 2613 et

110 2641 197 2724 nfra
216 2645 233 2724 i
252 2644 335 2725 κατ’
348 2643 474 2752 ciperoiu
494 2640 663 2752 ἓξοῖρχων,
681 2665 756 2727 etc.
779 2647 840 2726 ille
861 2646 929 2757 qui
944 2645 1102 2755 imperat
1108 2644 1247 2752 steten·

110 2752 181 2835 om
196 2756 395 2851 virtutem,
409 2757 623 2838 nominatur
637 2787 720 2853 rex,
732 2777 772 2864 et
787 2758 848 2868 est
909 2764 1047 2867 Qem
1062 2778 1105 2838 tu
1126 2758 1249 2867 igitur

110 2894 233 2976 egem
261 2896 388 2963 vocas,
420 2868 759 2978 Pythagoreorum
785 2869 937 2976 judicio
968 2897 1037 2949 rex
1067 2869 1244 2950 nonest.

110 2979 189 3065 lam
213 2996 258 3058 tu
284 2980 451 3061 viciffim
482 2982 688 3062 Platonem
716 2981 808 3062 audi
837 2982 878 3060 in
908 2981 1084 3091 Epistola
1112 2985 1247 3062 ostava

110 3087 190 3197 imi
203 3087 371 3194 γιγνέσθω
390 3093 564 3185 ὁπευθυνος
582 3090 765 3189 βασιλικὴ,
786 3110 864 3173 etc.
887 3093 948 3172 Sit
969 3093 1077 3200 regia
1089 3093 1249 3202 potestas

110 3201 285 3283 ’eddendae
301 3204 443 3284 rationi
457 3204 638 3299 obnoxia;
677 3205 772 3312 leges
789 3203 1019 3285 dominentur
1037 3221 1074 3285 et
1092 3205 1178 3286 aliis
1192 3207 1247 3288 ci-

110 3312 206 3394 n‘bus
222 3331 262 3394 et
279 3315 362 3424 t'pſss
375 3316 486 3396 etiam
501 3316 649 3425 regibus
653 3316 698 3421 st
710 3314 954 3455 quidprceter
967 3316 1245 3423 legesfi’cerint.

110 3425 215 3506 lddo
241 3427 497 3508 Aristotelem
523 3429 640 3511 Polit.
671 3455 708 3536 3.
729 3426 759 3510 ἓν
776 3464 904 3538 μεντοι
930 3426 1051 3538 ὁμοίως
1072 3423 1132 3509 καὶ
1162 3423 1247 3520 ioue

110 3533 171 3619 ὅτε
183 3534 349 3647 συμφέρον
360 3537 469 3638 ἐστίν,
483 3560 559 3622 etc.
576 3541 675 3620 inter
670 3540 811 3646 strniles
821 3557 857 3620 et
866 3539 1025 3649 aquales
1036 3567 1148 3649 neque
1158 3540 1249 3620 utile

110 3649 146 3756 'st
161 3675 277 3758 neque
282 3649 440 3758 justum,
460 3651 525 3760 effe
543 3680 655 3732 unum
673 3651 827 3732 omnium
843 3649 1035 3745 dominum,
1055 3680 1168 3762 neque
1186 3650 1253 3732 ubi

110 3762 192 3868 'eges
210 3761 398 3869 nonsunt,
417 3792 530 3872 neque
541 3781 585 3843 ut
603 3763 675 3874 ipſs
687 3764 748 3843 lex
752 3763 825 3868 stt,
839 3791 950 3873 neque
962 3761 1119 3869 ubisunt
1130 3763 1225 3872 leges
1230 3795 1246 3857 ,·

110 3901 211 3982 reque
237 3871 367 3954 bonum
394 3872 579 3969 bonorum,
608 3904 720 3985 neque
742 3904 811 3955 non
833 3873 962 3956 bonurn
986 3903 1054 3954 non
1077 3872 1248 3955 bonorum

110 3982 277 4064 hminum
295 3985 372 4096 ff.
432 3988 486 4065 Et
504 3986 574 4066 lib.
596 3984 749 4096 quint0,
770 3989 886 4094 Qern
897 3985 1054 4097 populus
1065 4014 1134 4066 non
1146 3988 1247 4082 vult,

110 4095 267 4176 iatine}
289 4126 358 4178 non
376 4096 542 4203 rex,st›d
556 4116 738 4207 tyrannus
761 4092 823 4208 est,
850 4126 884 4179 c.
919 4125 980 4178 10.
1039 4098 1152 4178 Hem
1176 4099 1249 4179 tibi

110 4207 221 4286 :tiam
247 4207 554 4319 Xenophontem
579 4210 621 4289 in
647 4211 826 4291 Hierone
851 4205 930 4291 nivel
957 4208 1017 4290 τοῦ
1041 4224 1191 4320 τιμωρεῖν
1210 4210 1250 4291 αἱ

110 4322 217 4410 πόλεις
246 4320 373 4413 mirate,
400 4340 475 4402 etc.
500 4339 648 4403 tanturn
677 4321 774 4432 abest
800 4339 843 4401 ut
864 4339 1106 4431 t‘yrannorurn
1131 4351 1250 4403 necent

110 4431 275 4511 :ivitates
294 4432 536 4538 ulciscantur,
557 4452 600 4513 ut
611 4436 754 4542 magnis
770 4433 1141 4541 honoribusafflciant
1155 4463 1249 4528 eum,

110 4542 167 4652 ¹mi
180 4561 381 4652 prunnon
406 4544 652 4652 interfecerit,
673 4547 847 4653 rinagines
866 4547 976 4626 etiam
994 4544 1250 4655 tyrannicida-

110 4682 184 4735 *unt
202 4654 243 4735 in
259 4657 402 4764 templis
407 4657 602 4765 statuunt.
660 4657 823 4737 Testem
846 4659 1049 4739 oculatum
1068 4656 1250 4762 adjiciam

110 4767 290 4849 llarcum
304 4767 488 4851 Tullium
501 4796 574 4879 pro
586 4769 759 4851 Milone.
802 4765 1250 4853 Graecihominesdeorurn
