2888 5204
149 201 226 279 106
413 186 504 278 Pro
531 178 714 315 Populo
741 178 1007 312 Anglicano

145 362 294 442 bonores
311 357 485 441 tribuunt
500 359 546 439 iis
560 357 658 440 ve'res
671 358 738 488 qui
747 376 922 469 tyronms
935 368 1195 440 necaverunt.-
1214 385 1299 468 qna

144 502 208 581 ego
227 471 311 554 vidi
321 471 497 566 Athenis,
517 500 601 582 quer
615 470 700 551 nlius
714 470 753 551 in
767 470 921 552 urbibus
941 469 1118 564 Graeciae,
1133 500 1230 581 quas
1239 499 1301 550 res

144 584 294 695 diuinos
314 582 454 665 talibus
478 583 666 693 institutas
687 581 797 677 viris,
820 612 907 693 quos
931 600 1079 677 contus,
1099 611 1186 692 quae
1207 611 1299 664 cnr·

144 695 280 778 mino?
301 713 417 805 prope
440 694 495 775 ad
512 694 837 789 immortalitatem,
856 712 893 775 et
919 694 1141 803 religionem,
1162 711 1202 774 et
1221 723 1298 779 me·

146 809 298 889 moriam
317 808 589 914 consecrentur.
649 805 835 914 Polybius
854 806 1023 916 denique
1042 804 1187 887 author
1209 832 1299 914 gra·

147 920 335 1014 viffimuS,
350 919 618 1000 Historiarum
633 921 682 999 6ιο
692 916 772 1000 rire
785 914 818 999 bi
831 933 910 1011 ταῖς
920 913 1114 1028 ἔπνθνμῖνινς
1127 918 1298 1028 inopem,

147 1051 224 1128 etc,
245 1030 543 1142 comprincipes,
563 1031 708 1138 inquit,
728 1029 992 1138 cupiditatibus
1014 1028 1161 1141 obfiequi
1179 1047 1297 1138 coepe-

146 1163 266 1238 runt;
296 1162 375 1224 tum
393 1142 437 1224 de
461 1171 572 1250 regno
583 1142 770 1251 fhtioest
793 1143 988 1253 tyrannim
1017 1159 1054 1222 et
1079 1139 1300 1250 conspuatio

146 1256 184 1338 in
199 1274 313 1367 caput
330 1255 590 1337 dominantium
609 1253 804 1345 inibatur:
833 1253 938 1361 cnjus
958 1253 1100 1364 quidem
1123 1254 1299 1333 authores

146 1387 257 1450 eram
281 1397 353 1448 non
377 1366 570 1448 deterrimi
588 1365 738 1460 civium,
744 1364 821 1473 std
839 1365 1090 1475 generoſsffimi
1109 1364 1245 1475 quique
1261 1380 1299 1445 et

147 1480 304 1561 maximi
317 1478 443 1559 animi.
503 1475 641 1586 Longi
661 1477 773 1588 plura
791 1473 886 1559 cium
909 1477 1011 1559 mihi
1029 1477 1298 1588 suppeterent,

146 1589 230 1672 haec
240 1620 366 1703 pauca
380 1589 574 1671 delibavi:
605 1589 749 1669 obruor
764 1590 872 1669 enim
883 1591 1010 1701 copiis.
1058 1592 1099 1669 A
1115 1586 1299 1669 Philoso-

148 1700 238 1812 phis
254 1703 302 1782 ad
317 1703 455 1782 Poitas
461 1702 546 1808 jam
561 1728 762 1811 provocas,
774 1699 823 1781 eo
842 1720 880 1781 te
900 1698 1151 1782 libentiffime
1168 1699 1299 1810 sequi·

149 1815 220 1894 mu
223 1841 254 1894 r.
304 1814 524 1922 Posestnem
535 1813 647 1895 nullis
662 1811 815 1921 legibus,
830 1811 1098 1921 nullesjudiciis
1110 1811 1300 1893 obnoxiam

147 1927 186 2009 in
214 1925 367 2008 Graecia
387 1955 492 2035 reges
514 1925 656 2006 obtinui
680 1954 699 2005 e
724 1925 913 2019 velumus,
938 1926 1082 2034 inquio,
1100 1922 1299 2033 AEscbylus

139 2039 256 2149 potest
274 2036 419 2134 docere,·
449 2038 565 2149 quiin
579 2034 781 2145 tragoedis,
799 2036 1000 2164 Supplices,
1016 2038 1155 2144 Regem
1171 2035 1299 2143 Argi-

145 2179 278 2231 vorum
297 2146 432 2258 ἄνρντον
451 2147 611 2259 πρύτανιν
629 2166 755 2243 vocat,
771 2178 840 2229 non
846 2147 1088 2255 judicabilem
1105 2151 1297 2230 rebiorem.

147 2259 302 2343 Verium
317 2281 361 2342 tu
375 2262 484 2357 scito,
500 2261 744 2372 praecipitem
758 2261 866 2340 enim
882 2278 921 2342 te
936 2280 977 2341 et
995 2259 1142 2341 nullius
1153 2258 1299 2366 judicii

146 2372 235 2469 esse,
248 2400 486 2483 quocunque
499 2394 536 2454 te
550 2373 681 2468 vertis,
693 2371 742 2452 eo
754 2375 879 2480 magis
890 2370 1298 2483 perspici0,scito,in-

144 2513 281 2595 quam,
302 2513 382 2565 non
399 2486 496 2595 quid
517 2486 653 2580 Po'e‘ta,
672 2484 737 2564 sed
756 2485 844 2593 quis
863 2487 968 2596 apud
982 2487 1164 2578 Poetam,
1178 2482 1297 2592 quid·

146 2626 224 2707 que
243 2597 362 2694 dicat,
382 2596 636 2708 spectandum
655 2595 754 2677 effe:
787 2598 900 2677 variae
917 2598 1026 2677 enim
1044 2595 1218 2708 personae
1234 2595 1297 2675 in·

145 2711 358 2805 ducuntur,
371 2708 1298 2819 nuncbonae,nuncmalae,nuncsapientes,nunc,

144 2823 353 2931 simplices,
371 2850 450 2902 non
470 2821 622 2930 semper
641 2820 739 2929 quid
759 2823 888 2901 Positae
902 2820 1094 2915 videatur,
1113 2818 1180 2900 sed
1197 2817 1296 2928 qnid

144 2931 916 3042 cuiquemaximiconveniatloquentes.
942 2931 1295 3039 Danaifiliaequin·

171 3047 331 3152 uaginta
350 3072 401 3125 ex
421 3047 595 3155 AEgypto
620 3043 796 3155 profugae
817 3045 866 3124 ad
887 3047 1131 3153 Argivorum
1158 3068 1294 3151 regem

143 3073 336 3268 iupplices
347 3175 626 3269 pervenerant3
647 3175 759 3236 orant
771 3157 830 3236 uti
843 3154 880 3236 se
892 3176 1027 3238 contra
1039 3157 1124 3237 vim
1140 3156 1294 3264 AEgyp-

142 3269 292 3351 tiorum
310 3269 422 3350 classe
446 3268 737 3378 insequentium
759 3266 959 3363 defendat3
994 3267 1204 3378 respondet
1224 3291 1293 3346 rex

142 3407 222 3460 non
240 3381 346 3492 posse
366 3382 418 3476 se,
430 3381 502 3463 nifi
515 3409 600 3462 rem
611 3377 720 3491 priiss
736 3407 829 3460 cum
846 3381 995 3491 populo
1007 3379 1291 3462 communicet.

308 3543 405 3649 'Epei
421 3543 495 3628 b'obo
513 3546 549 3627 oi
564 3543 727 3656 κραίνοιμ’
743 3541 936 3650 ὖπὸσχεσνν
949 3545 1056 3653 oroipoe

309 3656 442 3739 ’Anneio
460 3653 494 3740 bi
512 3659 603 3741 noire
622 3653 733 3740 reicis
753 3656 913 3750 notitione
931 3654 1018 3769 oripo.

140 3830 336 3913 Mulieres
351 3833 564 3942 peregrinae
578 3850 618 3911 et
632 3830 825 3940 supplices
842 3832 987 3913 incerta
998 3832 1140 3942 populi
1155 3831 1286 3915 suffra-

141 3944 206 4051 gia
225 3943 370 4040 veritae,
390 3971 526 4052 regem
544 3941 675 4024 denuo
694 3940 873 4025 blandius
893 3943 1150 4055 compellant.

424 4120 474 4202 Σύ
492 4158 543 4204 τον
561 4118 675 4220 πόλις,
696 4118 733 4202 oti
748 4117 781 4204 bi
801 4118 844 4204 rb
861 4117 984 4234 bipenni,

422 4231 587 4341 Πρύτανις
604 4228 743 4342 ἄκριτος
758 4229 811 4317 bv.

423 4369 477 4449 Tu
496 4368 613 4478 instas
631 4368 735 4451 urbis
751 4400 789 4452 es
807 4387 844 4453 et
851 4369 996 4481 populi,

418 4483 575 4566 Praetor
593 4476 832 4589 injudiceitus.
