2888 5204
394 546 636 651 Defenfio.
675 556 794 687 Cap.
827 561 872 651 8.
1139 592 1189 671 14
1193 598 1216 676 ς

19 744 22 749 '
45 726 122 833 fibi
142 726 200 808 ad
220 727 432 836 beneficium
454 728 725 836 impetrandum
742 730 886 809 munire
907 727 1028 836 poffit.
1089 729 1211 810 Vides

60 840 405 921 Parlamentorum
430 866 565 920 veram
588 842 800 948 originem,
829 842 906 920 illis
932 842 1134 921 Saxonicis
1154 871 1216 921 ar-

58 949 183 1033 chivis
199 951 318 1060 longb
331 952 599 1033 vetustiorem.
659 954 773 1031 Dum
789 954 831 1031 in
848 951 922 1031 hac
938 953 1024 1032 luce
1040 956 1213 1034 veritatis

60 1083 97 1143 et
109 1063 312 1174 sapientiae
325 1064 467 1144 versari
482 1064 633 1157 licebit,
654 1062 792 1143 frustra
812 1065 924 1144 nobis
944 1064 1212 1146 obscuriorum

59 1195 217 1257 etatum
245 1176 423 1257 tenebras
446 1175 649 1255 offundere
678 1178 842 1257 conaris.
905 1176 1027 1286 Qod
1058 1205 1135 1257 non
1164 1177 1213 1257 eb

59 1285 255 1369 dicidme
267 1288 475 1396 quisquam
487 1288 700 1382 existimet,
710 1288 817 1395 quas1
830 1315 904 1395 ego
916 1289 964 1367 de
977 1286 1212 1368 authoritate

60 1418 96 1479 et
113 1402 328 1509 prudentia
348 1400 542 1505 majorum
570 1400 792 1480 nostrorum
818 1399 971 1479 detrahi
995 1401 1211 1507 quicquam

59 1512 204 1605 velim3
236 1515 307 1620 qui
324 1513 366 1591 in
382 1511 536 1620 legibus
549 1511 662 1591 bonis
680 1509 848 1591 ferendis
861 1508 950 1620 plus
962 1509 1049 1590 sane
1065 1513 1211 1620 praesti-

59 1642 204 1718 terunt,
216 1623 339 1732 quarn
358 1624 421 1702 vel
441 1623 509 1702 illa
528 1623 670 1717 secula,
684 1624 745 1702 vel
766 1623 925 1702 illorum
945 1625 1152 1728 ingenium
1172 1643 1212 1703 et

58 1736 186 1817 cultus
216 1735 343 1815 tuliffe
373 1737 575 1816 videatur:
608 1753 648 1814 et
672 1736 852 1844 quamvis
882 1736 988 1842 leges
1016 1733 1102 1813 rarb
1132 1764 1211 1814 non

58 1846 178 1928 bonas
199 1849 431 1955 irrogarent,
456 1848 685 1954 ignorantia
705 1867 851 1939 tamen,
872 1865 912 1926 et
931 1845 1212 1927 imbecillitatis

57 1955 244 2039 bumanae
257 1958 328 2038 fibi
346 1958 506 2053 conscii,
520 1958 597 2039 hoc
609 1960 732 2038 veluti
751 1957 1055 2038 fundamentum
1076 1958 1211 2066 legum

56 2072 244 2151 omnium
254 2071 417 2180 posteris
430 2071 528 2150 tradi
543 2070 764 2163 voluerunt,
778 2070 883 2178 quod
898 2090 937 2149 et
950 2069 1068 2149 nostri
1085 2071 1210 2175 Juris-

107 2185 177 2264 riti
194 2210 335 2263 omnes
353 2182 583 2290 agnoscunt,
605 2200 649 2260 ut
664 2182 692 2261 fi
710 2210 788 2289 qua
804 2183 869 2261 lex
886 2201 954 2261 aut
971 2181 1211 2264 consuetudo

56 2210 138 2404 [igi
157 2294 302 2374 divinae
320 2313 387 2374 aut
407 2295 591 2387 naturali,
618 2311 687 2373 aut
707 2295 849 2373 rationi
873 2293 1042 2401 denique
1064 2321 1210 2403 repug-

57 2428 184 2501 naret,
208 2433 256 2485 ea
281 2433 330 2485 ne
357 2433 429 2515 pro
457 2406 544 2513 lege
573 2405 715 2484 sancita
742 2405 944 2485 habeatur.
1005 2405 1123 2483 Unde
1152 2425 1210 2499 tu,

55 2518 209 2598 etiamfi
227 2518 403 2597 edictum
422 2516 575 2596 fortaffe
595 2517 755 2624 aliquod
773 2535 840 2597 aut
860 2516 1046 2595 statutum
1068 2517 1109 2594 in
1121 2516 1210 2622 jure

60 2629 208 2724 nostro,
225 2657 306 2737 quo
326 2630 410 2737 regi
430 2630 629 2736 tyrannica
648 2629 814 2738 potestas
833 2627 1080 2722 attribuatur,
1102 2629 1212 2708 inve-

59 2742 143 2822 nire
164 2741 305 2851 polles,
324 2741 378 2834 id,
393 2768 487 2821 cum
504 2759 544 2820 et
559 2740 699 2819 divinae
711 2740 919 2833 voluntati,
939 2759 978 2818 et
995 2760 1153 2834 naturae,
1173 2760 1212 2821 et

58 2855 203 2933 rationi
221 2854 461 2932 contrarium
482 2853 542 2945 srt,
563 2851 789 2959 intelligito,
810 2880 859 2931 ex
881 2853 1053 2959 generali
1074 2872 1114 2932 et
1128 2853 1211 2963 pri·
1308 2857 1315 2871 '

59 2967 187 3045 maria
207 2963 278 3043 ista
297 2963 384 3071 lege
403 2963 530 3044 nostra
544 2992 665 3100 quam
685 2964 813 3057 attuli,
833 2964 997 3043 rescindi
1017 2965 1121 3073 apud
1141 2992 1211 3044 nos

57 3095 250 3158 erratum
267 3103 345 3155 non
364 3075 461 3171 effe3
492 3104 631 3154 verum
650 3094 692 3154 tu
705 3075 770 3181 jus
788 3075 943 3155 nullum
961 3075 1036 3155 tale
1053 3077 1210 3184 regium

57 3190 166 3298 apud
178 3216 249 3269 nos
262 3190 449 3268 invenies.
491 3188 600 3266 Cum
616 3187 937 3293 enimjudicandi
949 3187 1116 3297 potestas
1128 3188 1210 3297 pri·

58 3299 184 3381 mitiis
196 3301 237 3379 in
249 3301 333 3410 ipso
345 3300 495 3410 populo
509 3299 621 3379 fuiffe
633 3298 795 3391 constet,
807 3298 960 3406 Anglos
976 3319 1211 3378 autemeam

57 3412 108 3493 ab
132 3412 171 3491 se
191 3413 234 3491 in
253 3440 389 3520 regem
409 3413 515 3493 nulld
535 3412 623 3519 lege
643 3411 751 3517 regia
772 3438 946 3519 unquam
966 3410 1209 3505 transtuliffe,

57 3524 266 3605 neminem
286 3525 393 3605 enirn
405 3524 582 3629 judicare
602 3542 670 3602 aut
688 3522 784 3601 solet
803 3542 870 3602 aut
889 3523 1015 3632 potest
1033 3551 1104 3603 rex
1122 3525 1210 3602 An-

58 3636 165 3745 gliae,
178 3636 249 3715 nifi
265 3663 336 3746 per
353 3635 459 3743 leges
477 3634 646 3746 provisas
659 3634 745 3740 jam
757 3653 796 3713 et
812 3633 1066 3743 approbatas:
1098 3635 1212 3714 Fleta

58 3748 87 3829 l.
114 3776 151 3827 r.
172 3774 208 3828 c.
236 3772 300 3855 17.
334 3747 505 3855 sequitur
528 3746 694 3826 eandem
719 3743 846 3825 adhuc
876 3746 1069 3852 integram
1093 3765 1210 3854 atque

58 3876 189 3941 totam
208 3859 249 3938 in
269 3861 419 3971 populo
439 3859 549 3938 fitam
568 3858 667 3952 effe3
698 3886 789 3937 nam
810 3858 965 3967 parium
986 3858 1123 3938 domui
1143 3877 1212 3939 aut

60 3998 270 4081 nunquam
282 3972 479 4065 traditam,
495 3988 563 4050 aut
583 3971 801 4080 recuperari
814 3970 904 4075 jure
921 3969 1025 4077 poffe
1046 3997 1123 4049 non
1139 3999 1210 4051 ne-

58 4083 188 4193 gabis.
229 4084 301 4178 At,
315 4083 415 4190 regis
432 4082 495 4190 cst,
516 4083 661 4189 inquis,
676 4080 719 4160 de
733 4081 815 4162 vico
833 4080 1082 4189 municqaium,
1098 4082 1147 4162 de
1163 4113 1211 4164 eo

59 4195 413 4303 chartatemfhcere,
426 4222 513 4300 ergo
532 4194 611 4273 illos
629 4211 735 4272 creat
750 4193 816 4302 qui
831 4191 1053 4300 constituunt
1072 4193 1212 4276 domum

59 4308 285 4416 inferiorem.
343 4308 400 4385 At
413 4309 592 4413 inquam,
605 4304 751 4413 oppida
767 4323 807 4383 et
823 4304 1040 4414 municipia
1054 4307 1212 4413 regibus

60 4420 284 4527 antiquiora
303 4416 414 4512 sunt;
445 4418 565 4498 etiarn
585 4417 625 4496 in
646 4417 747 4523 agris
767 4414 937 4526 populus
953 4416 1008 4496 est
1026 4421 1210 4527 populus.

58 4529 424 4639 JamAnglicismis
437 4531 514 4609 tuis
527 4526 766 4636 magnopere
778 4528 1036 4622 delectamur3
1058 4531 1214 4610 Countie

60 4647 200 4737 Court,
223 4643 297 4723 The
317 4638 441 4736 Turn,
463 4638 699 4731 Hundreda;
730 4641 830 4721 mira
850 4668 993 4750 nempe
1011 4640 1212 4721 docilitate

56 4774 249 4839 centenos
267 4753 468 4862 jacobaeos
489 4772 577 4834 tuos
594 4748 769 4861 Anglicb
787 4780 994 4835 numerare
1013 4752 1199 4843 didicisti,

118 4896 149 4972 4
656 4889 680 4943 a
