2888 5204
142 176 220 227 200
416 134 612 264 Joannis
638 129 847 262 Philippi
872 127 1023 258 Angli

143 308 292 387 Milton
298 335 356 399 us,
375 325 553 415 tanquam
571 335 786 416 anonym
804 306 980 385 cacitas
994 299 1282 409 ajin-artu

128 415 362 525 scurrilibus
372 417 624 528 persequitur.
683 417 826 498 Mutto
837 416 947 497 ceni
957 413 1151 495 firmis
1165 415 1281 523 lepus

142 549 184 611 ct
201 528 352 611 facetiis
371 532 412 608 in
431 529 641 610 hominem
653 529 826 635 jocatus,
841 550 888 608 tu
904 527 1070 608 aurite
1084 550 1281 635 φημι

142 640 192 722 ab
218 670 266 722 co
290 641 443 721 dictum
467 642 606 752 nequis
632 642 850 722 ostendere.
910 639 1127 746 Sdsoenb
1140 655 1281 718 vestm

146 754 281 834 Onnes
299 753 459 833 Miltani
473 756 539 834 hac
562 755 702 834 nomine
717 752 847 859 infir?
862 751 1119 862 vapulabat,
1136 744 1281 862 usati

145 865 204 971 (id
227 864 284 944 est
307 865 389 971 ejus
414 863 587 975 loquelis,
611 867 683 944 nifi
709 864 831 972 forti)
849 863 1001 969 judicet
1023 861 1196 957 πώ,
1216 860 1280 940 &a

145 978 353 1091 Qicquid
378 976 427 1057 de
451 978 638 1058 Miltonis
663 977 796 1057 seculo
819 996 989 1056 venturo
1014 975 1101 1069 snt,
1126 995 1171 1054 tu
1190 992 1279 1052 satu

143 1090 414 1199 ventriloquus
426 1108 467 1170 et
478 1088 1186 1196 infantiffimusfidenulliosdignus
1224 1078 1284 1164 Set

143 1200 203 1282 nil
216 1201 307 1283 naui
326 1202 430 1282 viras
453 1203 603 1312 optimos
624 1202 771 1282 nonina
780 1200 861 1307 sua
878 1199 1076 1310 retievff.
1133 1198 1280 1305 Nmpe

175 1316 239 1395 uia
263 1334 304 1395 tu
328 1310 382 1394 itt
411 1312 520 1395 facis.
580 1312 645 1392 Sic
656 1313 820 1420 stantius
844 1313 993 1394 Paulus
1012 1309 1070 1392 ad
1090 1308 1280 1399 Hebrum

145 1341 292 1536 icripsrt
310 1427 419 1505 enim
439 1426 487 1506 ad
500 1427 722 1507 Nationem
736 1424 805 1504 suo
819 1426 974 1505 nomini
986 1423 1279 1510 infenfiffimm,

145 1538 194 1618 de
215 1536 329 1618 rebus
348 1537 565 1618 admodum
585 1539 695 1618 novis
713 1558 756 1617 et
773 1565 915 1648 parum
931 1536 1118 1630 croditis;
1147 1554 1191 1615 tu
1203 1528 1283 1612 veti

147 1649 205 1730 Po
235 1647 303 1728 ulo
330 1650 568 1757 Anglicano,
595 1669 637 1728 tu
658 1652 804 1729 exteris
828 1649 901 1729 tibi
923 1668 965 1728 et
986 1647 1125 1728 cauffae
1145 1666 1231 1740 ωε,
1246 1660 1284 1723 ut

145 1676 233 1871 ipis³
252 1762 322 1854 ais,
355 1760 521 1841 minimi
552 1763 713 1869 iniquis,
738 1761 788 1841 de
820 1789 862 1840 re
890 1760 1101 1852 notiffimi,
1125 1779 1168 1839 et
1192 1754 1285 1867 aput

144 1900 282 1954 omnes
309 1893 458 1980 gentes,
485 1893 530 1953 ut
556 1873 664 1953 idem
692 1873 763 1966 ais,
792 1872 1068 1983 receptiffima,
1094 1890 1138 1950 et
1165 1891 1284 1951 tamen

145 1983 249 2067 malt
264 1984 337 2065 tibi
352 1985 528 2067 conscius
544 2012 690 2065 nomen
701 1985 889 2065 occultas.
931 1984 996 2063 Sic
1006 1985 1133 2064 Bau.
1173 1968 1286 2063 Rc&

144 2096 374 2193 meministi,
405 2096 551 2205 scripsit
581 2098 690 2177 enim
724 2096 915 2178 Vindicius
943 2114 1078 2177 cantra
1106 2115 1286 2204 mannus,

144 2236 239 2317 quas
253 2228 293 2289 tu
313 2211 414 2290 inter
424 2209 606 2290 veritates
625 2210 726 2303 illas,
741 2238 839 2319 qua,
856 2226 900 2289 ut
914 2237 1014 2289 nunc
1026 2207 1215 2317 temporis,
1227 2203 1287 2286 otis

142 2320 279 2425 lsffcerc
300 2320 500 2416 audebant,
521 2320 707 2402 recenses.
769 2321 916 2414 Virtus,
936 2319 1083 2427 inquis,
1102 2319 1211 2430 apud
1228 2340 1289 2396 nos

143 2432 237 2512 vitia
255 2433 439 2529 uertitur,
458 2433 566 2544 Qia
583 2432 800 2514 Brammali
815 2432 962 2512 scilicet
976 2433 1157 2525 virmtes,
1171 2430 1290 2511 ebrie·

145 2563 215 2639 tas,
229 2547 432 2639 voracitas,
445 2546 543 2639 alea,
559 2543 738 2625 scortatio
750 2546 845 2624 vitia
860 2543 1067 2624 habentur.
1108 2542 1187 2624 Sed
1195 2546 1291 2624 Gan·

143 2655 310 2765 tabrigia
328 2676 364 2737 et
387 2657 568 2738 Oxanium
581 2657 668 2764 stcis
693 2657 844 2737 invidis
862 2653 1175 2736 declarationibus
1186 2649 1291 2763 seab

143 2769 207 2850 luc
227 2768 377 2850 crimine
392 2768 616 2852 liberarant.
675 2772 732 2848 At
746 2771 898 2848 invicta
913 2767 988 2847 illae
1003 2767 1292 2848 Declarationes

145 2878 332 2962 fatuitatis
356 2901 395 2959 et
415 2883 610 2961 vaecordiae
634 2878 750 2960 facile
771 2880 1028 2960 evincuntur:
1059 2880 1293 2960 Academia·

143 3020 232 3071 rum
258 2995 365 3072 enim
387 3021 464 3073 non
490 3013 612 3085 erant,
636 2994 698 3072 sed
720 2993 974 3071 Praelatorum
995 2989 1192 3086 faiiionis,
1212 3017 1294 3100 quae

145 3103 198 3183 ibi
225 3105 374 3214 reliqua
400 3123 494 3185 erat.
556 3102 719 3184 Rectius
747 3132 851 3183 nunc
877 3104 1030 3213 sapiunt
1056 3104 1292 3183 Academias.

147 3216 346 3311 Genavam,
367 3217 508 3325 inquis,
526 3215 719 3297 Deadatus
732 3214 809 3295 hoc
825 3218 991 3295 crimine
1004 3215 1199 3296 liberavit.
1227 3217 1294 3294 So-

145 3328 203 3407 lus
222 3327 374 3410 fortaffe
402 3328 552 3409 sensum
580 3329 646 3407 ille
671 3327 800 3422 suum,
824 3356 903 3407 non
928 3329 1047 3407 totius
1071 3327 1294 3408 Academiae

24 3454 27 3459 '
136 3439 334 3545 judicium
349 3443 573 3550 explicavit.
617 3439 772 3520 Leidam
791 3440 1156 3549 quaqueSalmafius.
1202 3441 1294 3521 Non

144 3551 352 3658 Leydensrs
381 3573 526 3647 tamen,
549 3553 612 3632 sed
633 3571 829 3632 externus.
890 3551 1098 3633 Leidenses
1119 3551 1295 3631 libertate

143 3660 252 3775 prius
273 3666 511 3775 recuperati,
532 3661 654 3772 quim
674 3665 795 3743 literis
815 3664 909 3743 clari
929 3682 1052 3743 erant.

206 3774 270 3854 'I'ot
286 3774 372 3883 trgi
386 3774 569 3857 datiarum
581 3794 617 3855 et
629 3775 800 3858 bonarum
815 3775 959 3883 agmine
971 3775 1295 3866 circumvallatus,

143 3887 210 3967 vix
228 3913 307 3967 uno
325 3887 507 3967 videlicet
527 3907 643 3996 atque
663 3889 800 3982 altero,
812 3888 965 3996 faciam
983 3917 1060 3968 rem
1075 3917 1147 3968 non
1166 3887 1296 3995 dffci·

142 3999 225 4094 laen,
245 3997 403 4109 cauffizm
424 3997 505 4078 Dei
520 3998 768 4107 annt‘patentis
792 3999 975 4094 dicturus,
996 4001 1078 4079 Dei
1105 4001 1299 4080 nimirum

145 4112 216 4207 tui,
239 4109 315 4192 hoc
335 4110 391 4191 est
411 4112 569 4206 ventris,
590 4130 657 4191 aut
679 4109 838 4204 Bacchi,
860 4114 929 4220 qui
953 4113 1023 4192 tibi
1045 4113 1299 4221 omnipotens

145 4226 221 4321 οὓς
253 4224 361 4331 cujus
383 4222 560 4331 auspiciis
584 4224 828 4304 Brammalus
