2888 5204
141 202 217 308 308
420 192 510 282 Pro
536 185 721 320 Populo
748 124 1018 317 Anglicano

141 391 245 443 cem.
305 363 395 442 Nec
427 365 559 443 minus
587 363 712 441 aliena
751 361 839 440 sunt
868 389 955 468 quae
982 360 1034 440 dc
1064 355 1270 439 succeffibus

143 474 297 586 prolixe
317 476 477 555 oscitas:
511 475 619 553 Cave
649 473 736 567 tibi,
765 474 899 567 More,
927 490 968 551 et
993 472 1103 566 vide,
1134 498 1183 550 ne
1203 467 1272 579 post

145 589 355 668 Pontianos
375 587 545 680 sudores,
570 585 823 694 gravedinem
847 581 948 664 forte
967 584 1207 664 contraxeris
1221 596 1274 660 tut

143 699 351 810 polypum,
369 701 644 791 metuendum,
665 725 729 792 ne,
750 715 794 776 ut
813 696 1020 775 Salmafius
1039 695 1109 775 ille
1129 718 1275 801 magnus

145 839 284 920 nuper,
298 808 493 890 Thermas
506 809 724 918 refrigeres.
775 808 976 917 Equidem
990 807 1043 887 dc
1058 804 1276 888 succeffufic

144 924 280 1031 paucis
300 922 535 1032 respondem
557 922 710 1002 causam
723 920 892 1000 successu
908 928 1037 1028 neque
1053 917 1278 1030 probaribo·

146 1061 253 1127 nam,
275 1062 402 1143 neque
422 1036 534 1140 argui
552 1034 723 1115 malam:
756 1060 824 1112 nos
843 1029 997 1112 causam
1022 1032 1195 1112 nostram
1215 1054 1277 1108 noo

146 1172 197 1224 ex
213 1168 370 1238 eventu,
387 1146 449 1226 sed
462 1165 649 1225 eventum
664 1144 836 1226 excausa
849 1143 1021 1249 judicari
1035 1143 1276 1252 postulamus.

147 1258 240 1363 Jam
262 1259 428 1338 rationes
448 1258 626 1366 politicas
645 1257 814 1336 desumis
834 1256 907 1335 tibi
927 1256 1164 1350 tradtandas,
1184 1280 1278 1335 mau-

147 1371 300 1479 cipium
320 1367 624 1464 cathedrarium,
642 1371 768 1449 immo
787 1365 1125 1462 cathedralitium,
1139 1366 1277 1473 injurias

148 1483 340 1561 nimirum
354 1482 512 1575 nostras,
533 1483 573 1560 in
593 1508 730 1562 omnes
744 1507 853 1588 reges
867 1478 1110 1589 acpopulos.
1160 1477 1278 1588 Qas?

149 1591 261 1672 nobis
273 1595 381 1672 enim
395 1592 493 1672 nihil
508 1594 582 1672 tale
597 1592 838 1703 propofitum
851 1611 956 1671 erat:
979 1618 1040 1670 tes
1050 1590 1198 1672 nostras
1210 1611 1279 1670 tan·
1324 1624 1325 1653 1

150 1705 359 1783 tummodo
378 1706 547 1810 egimus,
568 1707 734 1784 aliorum
755 1704 881 1783 miffas
901 1701 1085 1796 fecimus,
1102 1703 1225 1813 fiquid
1240 1699 1278 1781 ad
1323 1727 1325 1770 1

148 1817 296 1895 vicinos
315 1816 364 1895 ab
380 1817 565 1925 exemplo
582 1817 712 1897 nostro
730 1815 825 1896 boni
840 1815 1087 1908 redundavit,
1110 1812 1214 1896 haud
1230 1816 1278 1893 iu·
1322 1837 1325 1883 1

148 1929 351 2008 videmus:
384 1929 411 2008 fi
431 1929 527 2034 quid
543 1928 664 2022 secus,
678 1956 755 2008 non
770 1928 896 2009 nostrai
912 1928 952 2007 id
967 1926 1101 2035 culpd,
1119 1926 1184 2009 scd
1197 1927 1276 2007 abu·
1323 1951 1325 1994 ¹

148 2042 317 2120 tentium
343 2040 499 2120 evenire
533 2042 744 2122 credimus.
804 2041 935 2146 Reges
965 2057 1034 2118 aut
1070 2042 1225 2150 populi,
1249 2058 1278 2116 te
1322 2060 1325 2109 1

148 2153 398 2233 Balatronem
417 2152 572 2232 suarum
592 2153 822 2259 injuriarum
840 2153 1113 2260 interpretem,
1134 2155 1277 2261 quinam
1322 2170 1325 2219 Ι

148 2264 308 2343 tandem
327 2265 636 2344 constituerunt?
664 2261 769 2345 certd
788 2285 958 2344 oratores
973 2290 1115 2343 eorum
1129 2292 1176 2344 ac
1191 2264 1279 2372 lega·
1322 2258 1325 2329 l

150 2394 224 2468 tos,
246 2374 312 2454 alii
337 2378 375 2454 in
398 2379 556 2470 Senatu,
583 2375 663 2484 ipse
688 2377 729 2454 in
757 2375 926 2456 concilio
948 2402 1043 2454 cum
1070 2376 1281 2456 audirentur

148 2486 244 2595 sapit
261 2489 393 2566 audivi
410 2515 488 2566 non
506 2484 631 2566 solum
644 2488 693 2567 de
706 2488 782 2567 suis
795 2487 944 2593 injuriis
957 2484 1057 2566 nihil
1074 2502 1280 2596 querentes,
1323 2508 1325 2515 ’

148 2598 211 2677 sed
232 2599 448 2677 amicitiam
468 2600 638 2678 nostram
657 2628 703 2678 ac
723 2599 945 2680 societatem
969 2598 1074 2678 ultro
1092 2620 1280 2709 petentes:

149 2712 367 2816 quinetiam
388 2738 528 2818 regum
549 2711 707 2790 suorum
726 2740 771 2790 ac
795 2713 1023 2823 principum
1048 2714 1226 2807 nomine,
1244 2711 1284 2789 de

150 2822 263 2901 rebus
275 2824 411 2902 nostris
433 2822 544 2902 nobis
564 2823 941 2930 gratulantes,etiam
960 2820 1061 2902 bene
1080 2844 1283 2933 precantes,

149 2962 288 3042 pacem
308 2964 353 3014 ac
372 2935 686 3028 diuturnitatem,
699 2955 815 3043 atque
831 2935 988 3014 eosdem
1001 2932 1139 3016 felices
1151 2934 1285 3016 succes·

149 3045 224 3141 sus,
246 3048 286 3125 in
306 3068 543 3156 perpetuum
564 3066 806 3155 exoptantes.
851 3047 947 3126 Non
963 3048 1221 3129 inimicorum
1238 3046 1287 3127 hae

149 3187 279 3252 voces,
299 3188 376 3238 non
396 3187 534 3238 eorum
551 3161 620 3268 qui
634 3157 810 3254 odissent,
825 3177 869 3238 ut
885 3179 928 3238 tu
945 3158 1155 3267 praedicas3
1177 3180 1286 3240 auttu
1323 3216 1325 3223 -

148 3272 357 3364 mendacii,
384 3271 492 3378 quod
513 3273 553 3350 in
575 3292 613 3351 te
637 3271 873 3351 leviffimum
899 3271 968 3363 est,
993 3291 1062 3351 aut
1089 3300 1201 3379 reges
1224 3270 1286 3383 ipfi

148 3382 333 3464 fraudum
353 3411 397 3462 ac
418 3384 610 3462 malarum
631 3384 791 3476 artium,
812 3382 919 3492 quod
938 3381 1016 3463 illis
1035 3381 1288 3464 inhonestiffi·

149 3523 264 3574 mum
286 3495 399 3587 foret,
420 3495 656 3575 damnentur
679 3494 825 3574 necesse
849 3494 918 3573 est.
978 3491 1134 3575 Veritm
1160 3495 1289 3605 scripta

125 3674 128 3679 .
149 3607 276 3685 nostra
292 3607 460 3712 objectas
475 3606 765 3699 confitentium,
780 3605 928 3714 Dediffe
938 3634 1001 3685 nos
1015 3607 1216 3716 exemplum
1227 3625 1288 3716 po·

141 3719 245 3827 pulis
263 3718 424 3798 omnibus
438 3719 630 3824 salutare,
644 3720 815 3825 tyrannis
829 3715 989 3798 omnibus
1001 3717 1286 3828 fhrmidandum.

149 3832 329 3907 Immane
349 3832 499 3907 crimen
520 3829 697 3939 profecti)
716 3858 867 3922 narras;
900 3831 1006 3909 idem
1031 3828 1113 3912 fere
1133 3828 1287 3941 atquefi

148 3941 302 4020 dixiffet
321 3941 531 4050 quispiam,

233 4103 378 4213 Dffitite
385 4104 572 4213 justitiam
590 4105 729 4199 moniti,
749 4123 874 4184 ernon
893 4123 1053 4185 temnere
1072 4107 1213 4189 Divos.

148 4284 363 4393 Numquid
383 4283 460 4362 dici
488 4285 616 4392 potuit
644 4284 926 4392 perniciosius?
955 4285 1038 4365 haec
1055 4286 1290 4369 Cromvellies

146 4400 200 4479 ad
221 4401 344 4478 Scotos
362 4396 442 4503 pest
461 4396 739 4501 Dumbarretffe
761 4398 938 4505 pralium
953 4397 1126 4507 scrtpstt.
1188 4403 1239 4481 Et
1259 4398 1289 4476 se
