2888 5204
149 171 229 252 286
422 158 515 252 Pro
540 151 726 287 Populo
751 150 1022 285 Anglicano

144 331 218 413 bus
236 331 278 411 id
291 330 456 411 omnino
470 357 602 440 agere,
618 331 697 411 fine
715 357 797 423 me,
807 329 1073 411 deliberatum
1080 328 1169 437 jam
1185 347 1279 411 erut:

143 439 284 525 verum
308 469 356 523 ea
376 442 427 523 de
452 468 494 522 re
551 443 620 524 uid
646 441 880 552 scripserim,
911 440 1016 523 infra
1035 443 1209 536 dioemr,
1230 440 1281 523 uti

142 556 264 637 etiam
277 555 327 635 de
343 553 527 636 lconocla
586 615 598 636 .
629 554 754 635 Nunc
766 556 958 663 quoniam
969 553 1058 651 iste,
1068 554 1282 636 Hominem

143 695 193 747 an
211 667 342 747 dicam
362 665 514 762 baereo;
542 685 850 776 purgamentum
868 666 1000 776 potius
1023 664 1218 760 bominis,
1240 665 1282 745 ab
1325 700 1327 759 ;

144 778 377 859 ancillarum
400 777 602 860 adulteriis
625 778 674 858 ad
692 778 987 860 adulterandam
1004 804 1176 859 ornnem
1192 776 1283 857 veri·
1325 774 1327 801 ³

144 911 268 972 tatem
287 890 519 1000 progressus,
534 888 727 998 congestis
741 889 783 970 in
802 917 867 971 me
886 907 946 971 tot
964 916 1045 971 una
1062 889 1163 971 serie
1181 916 1283 970 men·

144 1004 282 1099 daciis,
312 1002 418 1113 apud
442 1021 598 1083 exteros
627 999 821 1082 infamem
848 1002 1009 1083 reddere
1035 1020 1204 1085 oooatus
1221 999 1283 1094 est.

145 1134 239 1226 peto
258 1143 308 1196 ne
326 1115 416 1224 quis
436 1141 521 1195 rem
536 1110 644 1195 seclis
658 1114 949 1223 interpretetur,
960 1132 1030 1195 aut
1042 1114 1087 1197 in
1101 1113 1283 1197 invidiam

145 1224 289 1324 trahat,
309 1225 408 1309 nsve
427 1224 590 1308 moleste
608 1223 723 1321 ferat,
743 1224 838 1306 fide
857 1251 923 1305 me
937 1226 1056 1335 plura
1070 1222 1198 1335 quim
1210 1224 1284 1305 vel-

146 1341 229 1421 lem
247 1359 288 1423 et
300 1340 385 1421 dixi
403 1335 531 1449 supri,
546 1357 587 1418 et
602 1335 720 1448 porrb
735 1337 891 1418 dicam:
920 1355 965 1418 ut
982 1337 1012 1418 si
1029 1338 1171 1420 oculos
1183 1365 1208 1417 a
1219 1363 1283 1419 ce·

144 1453 278 1548 citate,
294 1479 440 1532 nomen
459 1449 508 1531 ab
520 1449 718 1532 oblivione
733 1470 801 1532 aut
816 1448 1014 1531 calumnia
1028 1476 1109 1533 non
1125 1448 1283 1560 possum,

144 1565 269 1645 vitam
284 1582 417 1644 tamen
428 1562 571 1673 poffim
581 1561 631 1642 ab
641 1589 688 1643 ea
702 1560 837 1643 saltem
852 1560 1087 1643 obscuritate
1097 1586 1283 1671 quaecum

148 1675 303 1755 macula
319 1675 379 1769 sit,
394 1675 436 1754 in
457 1674 589 1755 lucem
607 1674 818 1754 vindicare.
864 1673 991 1782 quue
1008 1701 1090 1755 non
1103 1700 1227 1755 unam
1239 1671 1283 1753 ob

143 1786 300 1871 causam
320 1782 421 1866 mihi
440 1787 516 1868 erit
530 1783 737 1866 necessario
752 1782 991 1867 faciendum.
1050 1782 1284 1867 Primirmut

145 1918 205 1982 tot
223 1900 326 1979 viros
348 1899 473 1979 bonos
495 1916 611 2006 atque
630 1897 780 1992 doctos,
807 1896 878 2005 qui
900 1925 970 2006 per
988 1921 1129 1979 ornnes
1149 1897 1286 1978 vicinas

145 2030 282 2121 gentes
301 2011 430 2091 nostra
441 2010 527 2117 jam
547 2010 700 2118 legunt,
725 2010 854 2118 deque
872 2036 938 2089 me
955 2007 1064 2089 haud
1082 2008 1192 2091 male
1208 2006 1285 2089 sen·

147 2126 265 2219 tiunt,
294 2151 344 2204 ne
376 2141 535 2233 propter
564 2118 683 2227 hujus
719 2120 928 2201 maledidia
963 2121 1046 2201 mei
1079 2122 1283 2232 poeniteat;

147 2232 288 2318 verbm
301 2237 354 2316 ita
375 2235 445 2316 fibi
464 2232 718 2344 persuadeant
733 2260 813 2313 non
827 2258 921 2313 eum
936 2232 1012 2313 effe
1030 2260 1113 2329 me,
1162 2234 1208 2314 ui
1223 2229 1286 2313 bo

145 2348 296 2429 nestam
305 2349 526 2428 orationem
538 2343 753 2426 inhonestis
764 2343 1029 2440 moribus,aut
1038 2261 1163 2427 libel
1174 2345 1284 2436 dieta,

145 2460 334 2540 serviliter
353 2459 464 2539 fastis
480 2485 656 2567 unquam
671 2456 962 2551 dedecoririm3
981 2457 1188 2566 vitamque
1206 2452 1285 2537 nos·

147 2591 248 2652 tram
266 2571 358 2651 Deo
372 2571 471 2650 bene
485 2569 661 2675 juvante,
676 2569 726 2649 ab
737 2570 849 2649 omni
863 2569 1105 2679 turpitudine
1118 2596 1166 2650 ac
1180 2567 1285 2676 flagi-

149 2685 206 2764 tio
237 2703 429 2763 remotam
455 2682 573 2789 longe
595 2680 748 2789 semper
772 2679 909 2762 fuisse:
940 2681 1097 2776 deinde,
1124 2699 1172 2761 ut
1197 2704 1285 2791 quot

147 2794 358 2875 laudandos
379 2793 482 2873 mihi
500 2792 612 2872 sumo
631 2793 734 2872 viros
753 2792 919 2874 illustres
937 2819 984 2873 ac
1001 2793 1118 2889 laude
1136 2792 1283 2903 dignos,

146 2906 190 2988 hi
202 2907 322 2991 sciant
335 2905 436 2988 nihil
452 2934 518 2985 me
530 2904 760 3016 pudendum
775 2906 900 3014 magis
912 2904 1152 3000 existimare,
1172 2928 1284 3015 quam

148 3020 241 3102 fiad
262 3047 400 3100 eorum
420 3017 552 3099 laudes
571 3017 847 3127 vituperandus
867 3017 948 3127 ipse
968 3044 1013 3097 ac
1034 3043 1211 3125 nequam
1227 3042 1285 3097 ac·

147 3133 352 3226 cederem;
383 3130 476 3211 sciat
497 3128 668 3236 denique
694 3128 865 3238 populus
884 3129 1147 3238 Anglicanus,
1172 3153 1285 3239 quem

148 3263 193 3326 ut
210 3242 479 3337 defenderem,
509 3268 647 3321 meum
667 3239 741 3319 five
762 3238 888 3321 fatum
910 3241 985 3323 live
1003 3240 1201 3336 officium,
1228 3239 1287 3322 sua

147 3357 270 3437 virtus
290 3355 467 3465 impulit,
481 3353 508 3433 fi
524 3352 647 3432 vitam
667 3352 860 3460 pudenter
878 3372 995 3462 atque
1009 3350 1173 3434 honeste
1192 3353 1287 3434 sem·

148 3468 311 3579 peregi,
325 3494 457 3547 meam
477 3463 758 3557 defensionem,
771 3462 900 3545 nescio
914 3493 963 3545 an
981 3462 1126 3545 honori
1144 3484 1214 3547 sut
1230 3492 1289 3545 or·

147 3598 347 3671 namento,
373 3597 478 3658 certe
507 3576 651 3688 pudori
681 3593 748 3655 aut
776 3576 960 3658 dedecori
988 3604 1198 3686 nunquam
1226 3573 1289 3657 fibi

147 3689 256 3770 fore:
278 3691 348 3798 qui
362 3690 499 3797 igitur,
515 3707 555 3769 et
569 3687 673 3768 unde
689 3688 776 3782 sim,
796 3713 901 3768 nunc
914 3689 1061 3770 dicam.
1121 3686 1290 3771 londini

146 3801 233 3881 sum
257 3821 385 3894 natus,
411 3828 553 3907 genere
576 3798 754 3893 honesto,
779 3818 890 3909 patre
911 3802 998 3881 viro
1019 3801 1289 3910 integerrimo,

146 3929 271 3993 matre
288 3912 568 4022 probatissima,
592 3930 632 3992 et
649 3910 905 4019 eleemosynis
924 3940 995 4023 per
1012 3913 1206 3995 viciniam
1223 3940 1290 4024 po-

145 4024 335 4105 tiffimum
364 4041 470 4103 nota.
531 4025 646 4104 Pater
674 4050 739 4103 me
768 4025 981 4134 puerulum
1009 4023 1291 4109 humaniorum

145 4137 347 4217 literarum
370 4134 505 4216 studiis
530 4135 760 4230 destinavit;
790 4163 887 4242 quas
914 4137 969 4217 ita
994 4135 1107 4218 avide
1131 4137 1291 4249 arripui,

145 4268 190 4330 ut
200 4248 248 4329 ab
261 4276 362 4328 anno
373 4247 817 4328 aetatisduodecimovix
830 4276 1005 4356 unquam
1017 4267 1107 4330 ante
1119 4252 1291 4332 mediam

144 4365 302 4443 nostem
322 4358 345 4440 i
365 4358 699 4441 lucubrationibus
719 4358 902 4442 cubitum
925 4360 1185 4459 discederem,
1211 4388 1292 4473 qua
