2888 5204
378 566 605 720 Defensio
629 570 858 670 Secunda.
1110 587 1192 696 267

124 749 207 842 rus,
223 767 269 830 ut
283 748 519 859 plerumque
538 776 661 843 eram,
680 749 805 830 cuivis
823 749 887 830 vel
907 747 1036 830 multi>
1055 749 1190 831 robus-

124 860 394 970 iexaequatum
405 889 471 941 me
487 859 691 972 putabam,
703 861 859 942 securus
872 862 969 970 quid
984 861 1087 942 rnihi
1101 865 1190 972 quis

125 972 193 1051 riae
210 973 271 1052 vir
288 973 374 1054 viro
389 971 533 1053 inferre
552 972 689 1083 posset.
748 973 863 1053 Idem
881 971 1001 1054 hodie
1018 976 1187 1069 animus,

124 1110 189 1164 em
208 1084 323 1179 vires,
339 1085 447 1167 oculi
463 1112 541 1165 non
556 1085 680 1165 iidem
693 1114 704 1181 ;
736 1085 790 1166 ita
804 1103 936 1166 tamen
952 1085 1188 1169 extrinsecus

124 1193 164 1290 fi,
178 1194 233 1276 ita
252 1196 330 1276 fine
349 1197 455 1278 nube
471 1195 567 1278 clari
581 1224 627 1276 ac
642 1196 779 1292 lucidi,
795 1215 992 1278 uteorum
1007 1199 1078 1307 qui
1096 1225 1190 1279 acu·

124 1302 236 1388 mirm
250 1328 417 1391 cernunt
430 1339 440 1390 a
462 1311 504 1389 in
519 1307 593 1389 hac
608 1305 736 1390 solum
748 1327 872 1418 parte,
886 1330 1037 1393 memet
1050 1310 1190 1405 invito,

124 1417 246 1500 ulator
273 1419 385 1502 sum:
416 1422 457 1500 in
483 1422 611 1514 vultu,
638 1448 719 1529 quo
744 1419 843 1501 nihil
866 1420 1086 1530 eafiznguius
1114 1421 1188 1502 effe

124 1548 160 1624 t,
184 1531 218 1613 is
237 1550 371 1613 manet
388 1533 609 1614 etiamnum
627 1531 737 1612 color
755 1531 943 1640 exsangui
961 1552 1002 1615 et
1026 1533 1189 1643 pallenti

124 1639 159 1723 re
176 1646 407 1740 contrarius,
431 1664 476 1727 ut
498 1645 805 1753 quadragenario
819 1645 945 1751 major
961 1647 1030 1726 vix
1055 1645 1102 1725 fit
1123 1647 1189 1726 cui

135 1754 247 1842 denis
258 1783 382 1866 prope
395 1757 521 1850 annis,
532 1756 665 1837 videar
679 1774 773 1835 natu
789 1759 935 1851 minor;
957 1783 1085 1865 neque
1099 1785 1189 1837 cor·

124 1872 349 1949 econtraeio
360 1896 488 1977 neque
499 1886 605 1949 cute.
654 1868 702 1947 ln
717 1865 780 1948 his
794 1869 909 1976 egofi
923 1869 1003 1950 ulla
1014 1896 1065 1948 ex
1079 1888 1188 1978 parte

124 1980 228 2074 rtior,
242 1980 377 2062 multis
390 1979 567 2062 millibus
578 1980 832 2090 popularium
845 2007 1043 2075 meorum,
1058 1981 1189 2088 quide

124 2117 147 2169 e
163 2092 409 2186 me'norunt,
430 2092 573 2173 exteris
592 2092 712 2172 etiarn
731 2118 811 2172 non
830 2093 979 2201 paucis,
1000 2092 1188 2175 ridiculus

124 2199 187 2282 'ito
202 2203 298 2285 fim:
321 2205 389 2284 Sin
404 2204 475 2285 iste
488 2205 530 2283 in
545 2232 586 2284 re
598 2202 766 2284 minime
782 2203 1002 2299 neceffaria,
1015 2222 1097 2285 tam
1109 2205 1189 2284 irn-

124 2333 235 2395 enter
248 2334 298 2397 et
320 2314 493 2427 gratuito
516 2316 687 2396 mendax
706 2316 986 2425 comperietur,
1010 2317 1189 2424 poteritis

124 2426 264 2536 ’eliquo
283 2429 449 2508 eandem
467 2429 735 2535 conjecturam
753 2427 895 2508 facere.
954 2429 1089 2535 Atque
1108 2425 1190 2507 haec

124 2535 235 2619 orma
250 2568 340 2621 mea
354 2540 418 2621 vel
432 2543 612 2621 coaetus:
644 2540 693 2619 de
710 2559 776 2620 tua
794 2565 1021 2648 quanquam
1035 2557 1076 2619 et
1092 2566 1190 2619 con-

125 2651 341 2760 ptiffimam
356 2653 506 2762 accepi,
522 2670 563 2732 et
582 2650 792 2732 habitantis
806 2654 848 2731 in
868 2669 906 2732 te
926 2650 1190 2760 improbitatis

124 2790 162 2842 re
174 2763 334 2845 malitiae
343 2764 475 2844 vivam
490 2765 723 2871 imaginem,
735 2791 863 2872 neque
875 2789 950 2871 ego
961 2762 1106 2858 dicere,
1118 2788 1190 2842 ne·
1301 2781 1308 2792 '

137 2873 243 2956 ullus
255 2875 390 2956 audire
405 2893 530 2957 curat.
590 2875 759 2956 Utinam
782 2876 831 2956 de
853 2874 1025 2955 caecitate
1044 2875 1191 2984 pariter

124 3005 179 3067 ret
200 2985 464 3069 inhumanum
483 2986 590 3068 hunc
613 2986 791 3068 refellere
813 2984 1098 3083 adversarium3
1125 2987 1190 3066 sed

140 3097 248 3192 licet,
273 3097 446 3181 feramus
466 3101 613 3208 igitur:
643 3126 723 3180 non
742 3099 799 3178 est
817 3098 1003 3179 miserum
1022 3098 1097 3178 effe
1114 3126 1190 3178 cae-

124 3236 154 3304 r,
169 3211 355 3292 miserum
372 3212 429 3292 est
442 3213 656 3292 caecitatem
674 3237 754 3292 non
768 3210 873 3321 poffe
893 3209 1020 3291 ferre:
1051 3210 1191 3320 quidni

124 3348 178 3402 em
190 3321 329 3417 feram,
339 3324 449 3432 quod
465 3345 791 3432 unumquemque
807 3323 860 3402 ita
876 3349 1011 3431 parare
1023 3321 1060 3402 se
1072 3349 1192 3432 opor-

134 3451 180 3514 ut
199 3435 226 3515 fi
239 3436 439 3529 acciderit,
455 3462 534 3516 non
549 3434 650 3544 aegre
665 3434 778 3528 ferat,
790 3435 898 3543 quod
911 3452 951 3513 et
962 3431 1191 3514 humanitus

124 3544 220 3627 [dere
230 3547 356 3629 cuivis
366 3547 610 3640 mortalium,
616 3546 929 3657 praestantiffimis
941 3543 1190 3653 quibusdam,

124 3683 162 3736 re
185 3658 349 3768 optimis
371 3661 484 3739 omni
506 3659 700 3739 memoria
721 3659 815 3739 viris
840 3655 1018 3737 accidiffe
1043 3654 1188 3736 sciam:

140 3769 228 3849 illos
243 3799 465 3851 memorem
476 3771 673 3851 vetustatis
688 3769 836 3850 ultimae
854 3767 998 3880 priscos
1012 3784 1132 3862 vates,
1145 3796 1191 3849 ac

124 3881 352 3976 entiffimos,
364 3911 536 3992 quorum
549 3883 828 3975 calamitatem,
840 3900 880 3961 et
891 3881 979 3974 Dii,
993 3898 1038 3959 ut
1050 3878 1190 3976 fertur,

124 3989 173 4072 lto
192 3994 388 4103 prioribus
409 3995 520 4075 donis
539 3994 857 4105 compensarunt,
881 4014 921 4073 et
943 3990 1125 4073 homines
1144 4021 1192 4073 eo

124 4132 194 4186 ore
204 4104 434 4201 affecerunt,
448 4126 492 4187 ut
507 4106 608 4217 ipsos
624 4106 825 4215 inculpare
841 4105 1054 4185 maluerint
1067 4106 1191 4199 Deos,

124 4244 166 4296 m
185 4219 400 4299 caecitatem
420 4218 497 4299 illis
520 4219 680 4298 crimini
699 4218 804 4298 dare.
863 4218 930 4296 De
949 4243 1098 4325 augure
1116 4218 1193 4296 Ti-

124 4356 135 4408 ι
157 4331 267 4438 quod
291 4332 468 4424 traditur,
493 4329 615 4438 vulgo
645 4348 800 4410 notum.
861 4331 928 4410 De
955 4326 1111 4409 Phineo
1142 4329 1194 4408 fic

124 4441 189 4521 nir
207 4442 445 4553 Apollonius
464 4444 505 4523 in
519 4443 824 4550 Argonauticis:

295 4669 383 4755 oll’
399 4669 501 4755 ’ὅσσον
516 4669 662 4781 irrisero
681 4669 743 4754 nai
763 4667 845 4763 Διδς
863 4669 968 4752 arisai

240 4785 356 4894 Χρείαν
374 4781 541 4892 α’τρεκέως
559 4783 638 4892 ἷερδν
655 4783 718 4868 rior
736 4778 950 4890 dripaiarom.
