2888 5204
144 171 164 223 2
173 168 221 250 32
422 127 616 258 Joannis
641 120 849 256 Philippi
874 120 1025 254 Angli

141 305 249 414 quod
270 331 320 382 ex
343 302 550 410 temetipso
568 301 655 406 jam
677 302 911 409 accipimus,
928 296 1109 378 funditus
1130 295 1272 376 tolleret

144 415 255 497 Citm
268 433 403 495 autem
414 412 668 494 catharticum
679 410 875 493 remedium
869 411 946 518 fit,
956 408 1278 519 quemadmodum

143 531 214 622 ais,
235 528 322 608 tolli
340 524 446 606 certe
464 544 533 604 aut
555 524 706 606 dissolvi
729 551 810 604 non
833 522 976 617 debet3
1005 522 1137 604 donec
1154 519 1281 612 morbi,

144 668 317 750 quorum
329 637 550 718 remedium
561 636 631 731 est,
643 636 845 730 tollantur,
857 656 900 716 et
911 635 1085 716 libertati
1096 632 1284 713 suafirmi·

146 773 201 833 tas
227 752 408 858 bonaque
432 749 617 829 valetudo
643 749 789 828 redeat.
849 748 989 856 Siquid
1015 774 1089 828 nos
1109 744 1286 825 Catulum

146 864 317 975 peccdsse
346 862 540 956 dicimus3
571 881 615 941 tu
633 862 763 940 verbis
786 861 970 954 totidem,
987 860 1100 940 velut
1117 856 1288 938 amoeba

147 1004 288 1057 canens
307 974 516 1083 lyturgica,
540 975 648 1081 paria
667 972 899 1053 commififfe
919 972 1216 1052 Parlamentum
1232 994 1288 1048 ac·

147 1088 268 1182 cusas,
289 1088 419 1195 deque
448 1086 593 1165 Carolo
618 1083 720 1165 nihil
748 1112 828 1165 nou
853 1112 993 1166 verum
1017 1083 1095 1163 esse
1122 1079 1287 1164 concedis

146 1199 366 1282 dummodd
391 1199 498 1277 idem
521 1199 570 1277 de
588 1197 838 1277 Parlamento
859 1198 1039 1276 occinere
1063 1195 1140 1276 tibi
1161 1195 1284 1274 liceat:
1316 1262 1318 1283 ζ

149 1311 288 1393 verbm
310 1310 386 1392 hoc
406 1339 486 1390 non
508 1308 564 1388 est
585 1310 776 1390 Carolum
800 1335 984 1419 purgare,
1003 1328 1073 1388 aut
1091 1307 1195 1387 noxi
1213 1305 1285 1384 exi·
1315 1292 1318 1379 i

149 1454 273 1518 mere,
293 1422 374 1531 quo
394 1419 526 1502 minus
546 1422 704 1502 meritas
723 1448 857 1531 poenas
879 1419 1045 1501 dederit.
1106 1416 1185 1500 Sed
1195 1435 1286 1499 ante·
1314 1386 1318 1491 i

149 1566 258 1645 quam
287 1537 570 1616 Parlamentum
593 1536 658 1614 lroc
687 1534 852 1642 incepit,
883 1562 929 1612 ne
957 1531 1131 1626 verbm,
1158 1528 1283 1638 inquis,
1314 1506 1318 1577 ⁴

149 1648 217 1728 vel
229 1647 378 1726 minima
382 1644 558 1752 scintilla
575 1645 619 1726 de
639 1646 774 1727 Caroli
777 1644 926 1752 scilicet
943 1643 1155 1751 malefasiis
1170 1639 1283 1723 eluxit.

151 1761 209 1840 At
223 1757 316 1839 vero
335 1758 473 1867 populi
492 1758 697 1852 clamores,
716 1759 889 1866 gemitus
904 1776 945 1838 et
963 1756 1139 1866 suspiria,
1158 1753 1285 1865 partim

152 1891 314 1982 propter
345 1871 584 1976 gravissimas
616 1873 855 1952 tributorum
887 1870 1126 1963 exustiones,
1157 1867 1286 1976 partim

153 2013 226 2094 pro
258 2005 315 2065 ter
334 1983 622 2093 Episcoporum
647 1983 949 2093 persecutiones,
969 2001 1050 2061 tam
1069 1980 1237 2071 acerbas,
1252 1991 1287 2055 ut

154 2013 272 2177 musii
291 2097 459 2204 patriam
479 2095 650 2176 deserere
670 2115 920 2204 cogerentur,
941 2094 1070 2201 Regia
1089 2094 1189 2173 item
1205 2107 1287 2170 con·

154 2209 250 2304 filia,
273 2208 412 2300 edista,
434 2206 548 2300 fasta,
567 2209 615 2286 ab
632 2208 721 2317 ipsis
744 2207 877 2315 Regni
896 2205 977 2311 ejus
997 2206 1135 2298 initiis,
1153 2222 1193 2283 et
1208 2204 1288 2282 Par·

154 2321 419 2399 lamentorum
449 2321 631 2401 omnium
658 2348 746 2429 quae
772 2319 1005 2399 convocavit
1031 2319 1159 2397 intem
1210 2314 1293 2394 stiva

155 2429 307 2539 semper
319 2451 358 2510 et
375 2429 521 2511 infensa
537 2432 733 2513 dissolutio
749 2460 834 2512 rem
850 2428 968 2538 longe
983 2429 1095 2509 aliter
1111 2343 1294 2508 redibere

155 2542 375 2635 declarant;
407 2543 504 2622 adeo
527 2563 571 2622 ut
590 2541 663 2625 hac
687 2545 735 2624 de
761 2543 874 2624 causa
901 2542 1086 2651 populus,
1113 2540 1192 2620 five
1211 2565 1297 2648 pru·

156 2654 295 2733 dentiae
316 2655 453 2760 Regis,
479 2654 554 2733 five
579 2657 770 2736 voluntati
795 2654 956 2749 diffisus,
982 2655 1141 2734 unicam
1168 2650 1237 2731 fibi
1261 2650 1299 2727 iu

158 2767 406 2845 Parlamento
427 2767 550 2875 spem,
571 2768 804 2874 praesrdium,
826 2768 1042 2876 refugium,
1061 2765 1226 2846 salutem
1244 2788 1300 2841 re·

157 2878 307 2986 liquam
328 2877 402 2957 esse
422 2876 552 2988 palim
570 2879 795 2974 testaretur;
827 2881 930 2959 unde
948 2881 1038 2958 Rex
1058 2879 1115 2957 irai
1130 2895 1171 2957 et
1185 2877 1299 2956 livore

157 2992 311 3097 prorsus
329 2993 531 3097 tyrannico
550 2991 812 3086 exardescens,
829 3011 874 3071 ut
891 2992 1031 3099 populi
1048 2990 1222 3096 gemitus
1238 3012 1302 3095 per

155 3103 238 3182 vim
262 3104 381 3185 etiam
408 3104 703 3212 comprimeret,
727 3103 990 3184 crudelissimo
1013 3103 1142 3182 edicio
1166 3099 1302 3190 sanxit,

157 3218 295 3324 nequis
327 3215 564 3295 Parlamenti
596 3216 838 3295 convocandi
869 3216 1113 3295 mentionem
1146 3211 1304 3303 faceret,

158 3327 281 3407 donec
299 3329 456 3407 tandem
476 3347 586 3408 metu
603 3328 740 3436 populi
757 3326 808 3407 ob
824 3325 906 3407 haec
923 3324 1091 3406 minime
1105 3325 1306 3434 quiescen-

158 3440 206 3518 tis
221 3440 513 3520 Parlamentum
530 3440 780 3521 invitiffimus
795 3459 1039 3520 convocaret.
1079 3437 1231 3530 Multa,
1248 3438 1307 3515 in·

157 3549 298 3656 quise}
317 3549 420 3629 vobis
424 3552 533 3658 fingi
547 3552 629 3661 quis
647 3582 715 3632 non
735 3550 858 3632 credet
876 3570 921 3632 ut
939 3553 1076 3632 crimen
1090 3550 1253 3658 vestrum
1271 3547 1307 3628 in

159 3665 295 3768 Regem
321 3689 518 3743 exonerare
536 3662 687 3772 poffltis,
707 3662 886 3774 numquid
899 3664 975 3744 tale
993 3680 1152 3773 apparet
1175 3664 1215 3743 in
1234 3661 1310 3766 ejus

158 3772 250 3852 libro
269 3771 451 3853 divtizitus
456 3774 638 3885 scripto?
696 3777 811 3856 Malo
837 3796 874 3856 te
898 3774 988 3856 libri
1013 3776 1119 3855 illius
1139 3775 1310 3854 admira·

160 3905 286 3965 torem
307 3885 396 3980 esse,
413 3884 533 3994 quim
549 3916 638 3982 me;
669 3891 766 3997 quid
786 3890 894 3968 enim
913 3887 1031 3969 habet
1046 3906 1185 3997 praeter
1201 3886 1311 3966 sucos

158 4016 199 4076 et
221 3997 451 4104 jactationes
480 3999 746 4081 inanissimas?
805 4002 969 4081 Diceres
997 4018 1037 4080 et
1065 4020 1108 4080 tu
1138 3997 1310 4092 idem,si

159 4110 353 4218 Epistolas
371 4111 452 4217 ejus
470 4112 601 4220 praelio
616 4112 835 4194 Nasibienfi
853 4133 998 4223 captas,
1013 4141 1134 4191 manu
1153 4111 1311 4222 propria

157 4223 315 4332 scriptas
338 4242 378 4302 et
403 4224 634 4331 obsignatas,
663 4226 891 4336 incorrupto
917 4244 957 4304 et
982 4228 1137 4331 integro
1158 4225 1311 4331 judicio

157 4334 393 4443 perlegiffes,
415 4335 482 4416 ubi
500 4336 537 4417 se
557 4334 715 4446 suasque
736 4357 835 4418 artes
856 4338 1073 4447 tyrannicas
1094 4365 1173 4416 non
1194 4338 1309 4416 celat.
