<?xml version="1.0" encoding="UTF-8"?>
<!DOCTYPE html PUBLIC "-//W3C//DTD XHTML 1.0 Transitional//EN"
    "http://www.w3.org/TR/xhtml1/DTD/xhtml1-transitional.dtd">
<html xmlns="http://www.w3.org/1999/xhtml" xml:lang="en" lang="en">
 <head>
  <title>
</title>
<meta http-equiv="Content-Type" content="text/html;charset=utf-8" />
  <meta name='ocr-system' content='tesseract 3.04.00' />
  <meta name='ocr-capabilities' content='ocr_page ocr_carea ocr_par ocr_line ocrx_word'/>
</head>
<body>
  <div class='ocr_page' id='page_1' title='image "./worksjohnmilton07miltgoog_0041.png"; bbox 0 0 2888 5204; ppageno 0'>
   <div class='ocr_carea' id='block_1_1' title="bbox 82 542 1004 680">
    <p class='ocr_par' dir='ltr' id='par_1_1' title="bbox 82 542 1004 680">
     <span class='ocr_line' id='line_1_1' title="bbox 82 542 1004 680; baseline 0.003 -42"><span class='ocrx_word' id='word_1_1' title='bbox 82 658 86 664; x_wconf 19' lang='lat'>⁵</span> <span class='ocrx_word' id='word_1_2' title='bbox 144 578 199 658; x_wconf 79' lang='lat'>24</span> <span class='ocrx_word' id='word_1_3' title='bbox 410 547 502 641; x_wconf 92' lang='lat' dir='ltr'>Pro</span> <span class='ocrx_word' id='word_1_4' title='bbox 528 543 716 680; x_wconf 89' lang='lat' dir='ltr'>Populo</span> <span class='ocrx_word' id='word_1_5' title='bbox 736 542 1004 676; x_wconf 88' lang='lat' dir='ltr'>Anglicano</span> 
     </span>
    </p>
   </div>
   <div class='ocr_carea' id='block_1_2' title="bbox 136 711 1308 4846">
    <p class='ocr_par' dir='ltr' id='par_1_2' title="bbox 136 711 1308 4846">
     <span class='ocr_line' id='line_1_2' title="bbox 146 711 1292 826; baseline -0.001 -33"><span class='ocrx_word' id='word_1_6' title='bbox 146 733 271 794; x_wconf 90' lang='lat' dir='ltr'>tatum</span> <span class='ocrx_word' id='word_1_7' title='bbox 299 715 444 797; x_wconf 89' lang='lat' dir='ltr'>mittat.</span> <span class='ocrx_word' id='word_1_8' title='bbox 502 720 899 826; x_wconf 89' lang='lat' dir='ltr'>Tyrannum·autem</span> <span class='ocrx_word' id='word_1_9' title='bbox 930 716 1042 798; x_wconf 85' lang='lat' dir='ltr'>fuiffe</span> <span class='ocrx_word' id='word_1_10' title='bbox 1071 711 1181 796; x_wconf 90' lang='lat' dir='ltr'>hunc</span> <span class='ocrx_word' id='word_1_11' title='bbox 1212 741 1292 794; x_wconf 92' lang='lat' dir='ltr'>non</span> 
     </span>
     <span class='ocr_line' id='line_1_3' title="bbox 145 825 1293 934; baseline -0.002 -27"><span class='ocrx_word' id='word_1_12' title='bbox 145 827 301 934; x_wconf 85' lang='lat' dir='ltr'>Angliae</span> <span class='ocrx_word' id='word_1_13' title='bbox 320 825 447 908; x_wconf 81' lang='lat' dir='ltr'>sollrm</span> <span class='ocrx_word' id='word_1_14' title='bbox 466 847 505 909; x_wconf 90' lang='lat' dir='ltr'>et</span> <span class='ocrx_word' id='word_1_15' title='bbox 525 832 663 911; x_wconf 87' lang='lat' dir='ltr'>Scotiae</span> <span class='ocrx_word' id='word_1_16' title='bbox 682 831 928 911; x_wconf 88' lang='lat' dir='ltr'>Parlamenta</span> <span class='ocrx_word' id='word_1_17' title='bbox 947 827 1042 910; x_wconf 75' lang='lat' dir='ltr'>clam</span> <span class='ocrx_word' id='word_1_18' title='bbox 1057 828 1185 908; x_wconf 88' lang='lat' dir='ltr'>verbis</span> <span class='ocrx_word' id='word_1_19' title='bbox 1205 847 1293 907; x_wconf 90' lang='lat' dir='ltr'>turn</span> 
     </span>
     <span class='ocr_line' id='line_1_4' title="bbox 145 936 1291 1036; baseline 0 -19"><span class='ocrx_word' id='word_1_20' title='bbox 145 936 257 1018; x_wconf 73' lang='lat' dir='ltr'>factis</span> <span class='ocrx_word' id='word_1_21' title='bbox 276 940 528 1022; x_wconf 81' lang='lat' dir='ltr'>disertiffimis</span> <span class='ocrx_word' id='word_1_22' title='bbox 548 942 854 1036; x_wconf 86' lang='lat' dir='ltr'>declaraverunt,</span> <span class='ocrx_word' id='word_1_23' title='bbox 879 941 943 1022; x_wconf 87' lang='lat' dir='ltr'>sed</span> <span class='ocrx_word' id='word_1_24' title='bbox 966 962 1069 1022; x_wconf 89' lang='lat' dir='ltr'>totus</span> <span class='ocrx_word' id='word_1_25' title='bbox 1085 938 1169 1019; x_wconf 74' lang='lat' dir='ltr'>fere</span> <span class='ocrx_word' id='word_1_26' title='bbox 1192 939 1291 1018; x_wconf 85' lang='lat' dir='ltr'>utri-</span> 
     </span>
     <span class='ocr_line' id='line_1_5' title="bbox 146 1049 1293 1163; baseline 0 -34"><span class='ocrx_word' id='word_1_27' title='bbox 146 1049 265 1158; x_wconf 91' lang='lat' dir='ltr'>usque</span> <span class='ocrx_word' id='word_1_28' title='bbox 296 1055 408 1160; x_wconf 91' lang='lat' dir='ltr'>regni</span> <span class='ocrx_word' id='word_1_29' title='bbox 431 1055 600 1163; x_wconf 88' lang='lat' dir='ltr'>populus</span> <span class='ocrx_word' id='word_1_30' title='bbox 621 1054 817 1134; x_wconf 80' lang='lat' dir='ltr'>assentitus</span> <span class='ocrx_word' id='word_1_31' title='bbox 837 1054 916 1149; x_wconf 90' lang='lat' dir='ltr'>est;</span> <span class='ocrx_word' id='word_1_32' title='bbox 943 1055 1069 1134; x_wconf 91' lang='lat' dir='ltr'>donec</span> <span class='ocrx_word' id='word_1_33' title='bbox 1088 1050 1293 1161; x_wconf 88' lang='lat' dir='ltr'>episcopo·</span> 
     </span>
     <span class='ocr_line' id='line_1_6' title="bbox 145 1161 1292 1274; baseline 0.002 -34"><span class='ocrx_word' id='word_1_34' title='bbox 145 1190 235 1241; x_wconf 89' lang='lat' dir='ltr'>rum</span> <span class='ocrx_word' id='word_1_35' title='bbox 255 1162 405 1245; x_wconf 87' lang='lat' dir='ltr'>technis</span> <span class='ocrx_word' id='word_1_36' title='bbox 424 1185 464 1245; x_wconf 92' lang='lat' dir='ltr'>et</span> <span class='ocrx_word' id='word_1_37' title='bbox 483 1164 684 1247; x_wconf 89' lang='lat' dir='ltr'>fraudibus</span> <span class='ocrx_word' id='word_1_38' title='bbox 700 1168 741 1246; x_wconf 94' lang='lat' dir='ltr'>in</span> <span class='ocrx_word' id='word_1_39' title='bbox 756 1168 849 1246; x_wconf 87' lang='lat' dir='ltr'>duas</span> <span class='ocrx_word' id='word_1_40' title='bbox 865 1165 998 1274; x_wconf 90' lang='lat' dir='ltr'>postea</span> <span class='ocrx_word' id='word_1_41' title='bbox 1014 1165 1201 1245; x_wconf 75' lang='lat' dir='ltr'>factiones</span> <span class='ocrx_word' id='word_1_42' title='bbox 1216 1161 1292 1242; x_wconf 88' lang='lat' dir='ltr'>dis·</span> 
     </span>
     <span class='ocr_line' id='line_1_7' title="bbox 144 1274 1293 1388; baseline 0 -36"><span class='ocrx_word' id='word_1_43' title='bbox 144 1274 266 1355; x_wconf 84' lang='lat' dir='ltr'>ceffit.</span> <span class='ocrx_word' id='word_1_44' title='bbox 327 1278 438 1388; x_wconf 83' lang='lat' dir='ltr'>Qid</span> <span class='ocrx_word' id='word_1_45' title='bbox 465 1278 639 1372; x_wconf 88' lang='lat' dir='ltr'>srDeus,</span> <span class='ocrx_word' id='word_1_46' title='bbox 664 1279 1001 1386; x_wconf 89' lang='lat' dir='ltr'>quemadmodum</span> <span class='ocrx_word' id='word_1_47' title='bbox 1019 1304 1086 1356; x_wconf 89' lang='lat' dir='ltr'>eos</span> <span class='ocrx_word' id='word_1_48' title='bbox 1104 1276 1175 1383; x_wconf 91' lang='lat' dir='ltr'>qui</span> <span class='ocrx_word' id='word_1_49' title='bbox 1195 1274 1293 1353; x_wconf 89' lang='lat' dir='ltr'>lucis</span> 
     </span>
     <span class='ocr_line' id='line_1_8' title="bbox 145 1385 1292 1499; baseline 0 -35"><span class='ocrx_word' id='word_1_50' title='bbox 145 1388 379 1496; x_wconf 88' lang='lat' dir='ltr'>evangelicae</span> <span class='ocrx_word' id='word_1_51' title='bbox 398 1389 607 1499; x_wconf 85' lang='lat' dir='ltr'>participes</span> <span class='ocrx_word' id='word_1_52' title='bbox 626 1390 736 1482; x_wconf 87' lang='lat' dir='ltr'>fiant,</span> <span class='ocrx_word' id='word_1_53' title='bbox 753 1391 807 1469; x_wconf 90' lang='lat' dir='ltr'>ita</span> <span class='ocrx_word' id='word_1_54' title='bbox 820 1418 886 1470; x_wconf 90' lang='lat' dir='ltr'>eos</span> <span class='ocrx_word' id='word_1_55' title='bbox 899 1391 969 1499; x_wconf 93' lang='lat' dir='ltr'>qui</span> <span class='ocrx_word' id='word_1_56' title='bbox 984 1388 1139 1469; x_wconf 87' lang='lat' dir='ltr'>decreta</span> <span class='ocrx_word' id='word_1_57' title='bbox 1153 1385 1238 1492; x_wconf 83' lang='lat' dir='ltr'>ejus</span> <span class='ocrx_word' id='word_1_58' title='bbox 1254 1387 1292 1465; x_wconf 92' lang='lat' dir='ltr'>in</span> 
     </span>
     <span class='ocr_line' id='line_1_9' title="bbox 145 1498 1290 1611; baseline 0 -35"><span class='ocrx_word' id='word_1_59' title='bbox 145 1525 255 1606; x_wconf 90' lang='lat' dir='ltr'>reges</span> <span class='ocrx_word' id='word_1_60' title='bbox 269 1498 535 1605; x_wconf 88' lang='lat' dir='ltr'>hujusmundi</span> <span class='ocrx_word' id='word_1_61' title='bbox 547 1498 1290 1611; x_wconf 72' lang='lat' dir='ltr'>potentiffimosexequanturmonmul·</span> 
     </span>
     <span class='ocr_line' id='line_1_10' title="bbox 147 1610 1293 1722; baseline -0.002 -33"><span class='ocrx_word' id='word_1_62' title='bbox 147 1627 206 1691; x_wconf 91' lang='lat' dir='ltr'>tos</span> <span class='ocrx_word' id='word_1_63' title='bbox 236 1610 424 1721; x_wconf 88' lang='lat' dir='ltr'>sapientes</span> <span class='ocrx_word' id='word_1_64' title='bbox 447 1632 515 1692; x_wconf 86' lang='lat' dir='ltr'>aut</span> <span class='ocrx_word' id='word_1_65' title='bbox 537 1616 687 1708; x_wconf 76' lang='lat' dir='ltr'>doctos,</span> <span class='ocrx_word' id='word_1_66' title='bbox 711 1641 789 1693; x_wconf 92' lang='lat' dir='ltr'>non</span> <span class='ocrx_word' id='word_1_67' title='bbox 817 1613 963 1694; x_wconf 90' lang='lat' dir='ltr'>multos</span> <span class='ocrx_word' id='word_1_68' title='bbox 992 1630 1185 1722; x_wconf 86' lang='lat' dir='ltr'>potentes,</span> <span class='ocrx_word' id='word_1_69' title='bbox 1216 1635 1293 1688; x_wconf 92' lang='lat' dir='ltr'>non</span> 
     </span>
     <span class='ocr_line' id='line_1_11' title="bbox 147 1721 1291 1835; baseline 0.001 -36"><span class='ocrx_word' id='word_1_70' title='bbox 147 1722 293 1804; x_wconf 88' lang='lat' dir='ltr'>multos</span> <span class='ocrx_word' id='word_1_71' title='bbox 305 1725 455 1804; x_wconf 87' lang='lat' dir='ltr'>nobiles</span> <span class='ocrx_word' id='word_1_72' title='bbox 471 1724 544 1804; x_wconf 81' lang='lat' dir='ltr'>effe</span> <span class='ocrx_word' id='word_1_73' title='bbox 560 1726 710 1806; x_wconf 85' lang='lat' dir='ltr'>voluit?</span> <span class='ocrx_word' id='word_1_74' title='bbox 731 1745 775 1807; x_wconf 92' lang='lat' dir='ltr'>ut</span> <span class='ocrx_word' id='word_1_75' title='bbox 787 1754 856 1835; x_wconf 90' lang='lat' dir='ltr'>per</span> <span class='ocrx_word' id='word_1_76' title='bbox 868 1753 934 1806; x_wconf 90' lang='lat' dir='ltr'>eos</span> <span class='ocrx_word' id='word_1_77' title='bbox 946 1727 1016 1834; x_wconf 93' lang='lat' dir='ltr'>qui</span> <span class='ocrx_word' id='word_1_78' title='bbox 1032 1750 1110 1803; x_wconf 92' lang='lat' dir='ltr'>non</span> <span class='ocrx_word' id='word_1_79' title='bbox 1122 1722 1211 1802; x_wconf 90' lang='lat' dir='ltr'>sunt</span> <span class='ocrx_word' id='word_1_80' title='bbox 1222 1721 1291 1801; x_wconf 90' lang='lat' dir='ltr'>ab·</span> 
     </span>
     <span class='ocr_line' id='line_1_12' title="bbox 146 1834 1289 1944; baseline -0.002 -31"><span class='ocrx_word' id='word_1_81' title='bbox 146 1834 269 1914; x_wconf 89' lang='lat' dir='ltr'>oleret</span> <span class='ocrx_word' id='word_1_82' title='bbox 293 1863 358 1914; x_wconf 89' lang='lat' dir='ltr'>eos</span> <span class='ocrx_word' id='word_1_83' title='bbox 384 1837 455 1944; x_wconf 92' lang='lat' dir='ltr'>qui</span> <span class='ocrx_word' id='word_1_84' title='bbox 479 1836 589 1934; x_wconf 89' lang='lat' dir='ltr'>sunt;</span> <span class='ocrx_word' id='word_1_85' title='bbox 617 1857 734 1917; x_wconf 90' lang='lat' dir='ltr'>utne</span> <span class='ocrx_word' id='word_1_86' title='bbox 757 1839 947 1944; x_wconf 88' lang='lat' dir='ltr'>glorietur</span> <span class='ocrx_word' id='word_1_87' title='bbox 965 1865 1053 1916; x_wconf 89' lang='lat' dir='ltr'>caro</span> <span class='ocrx_word' id='word_1_88' title='bbox 1073 1861 1210 1914; x_wconf 86' lang='lat' dir='ltr'>coram</span> <span class='ocrx_word' id='word_1_89' title='bbox 1229 1860 1289 1912; x_wconf 90' lang='lat' dir='ltr'>eo.</span> 
     </span>
     <span class='ocr_line' id='line_1_13' title="bbox 145 1944 1290 2057; baseline -0.002 -33"><span class='ocrx_word' id='word_1_90' title='bbox 145 1947 212 2024; x_wconf 91' lang='lat' dir='ltr'>Tu</span> <span class='ocrx_word' id='word_1_91' title='bbox 224 1945 312 2054; x_wconf 89' lang='lat' dir='ltr'>quis</span> <span class='ocrx_word' id='word_1_92' title='bbox 325 1975 364 2026; x_wconf 88' lang='lat' dir='ltr'>es</span> <span class='ocrx_word' id='word_1_93' title='bbox 380 1948 450 2055; x_wconf 93' lang='lat' dir='ltr'>qui</span> <span class='ocrx_word' id='word_1_94' title='bbox 461 1948 653 2028; x_wconf 87' lang='lat' dir='ltr'>oblatras?</span> <span class='ocrx_word' id='word_1_95' title='bbox 670 1977 717 2028; x_wconf 90' lang='lat' dir='ltr'>an</span> <span class='ocrx_word' id='word_1_96' title='bbox 731 1949 893 2029; x_wconf 61' lang='lat' dir='ltr'>doetus?</span> <span class='ocrx_word' id='word_1_97' title='bbox 913 1950 983 2057; x_wconf 89' lang='lat' dir='ltr'>qui</span> <span class='ocrx_word' id='word_1_98' title='bbox 995 1947 1210 2057; x_wconf 88' lang='lat' dir='ltr'>spicilegia,</span> <span class='ocrx_word' id='word_1_99' title='bbox 1222 1944 1290 2053; x_wconf 92' lang='lat' dir='ltr'>qui</span> 
     </span>
     <span class='ocr_line' id='line_1_14' title="bbox 147 2054 1292 2167; baseline 0.001 -33"><span class='ocrx_word' id='word_1_100' title='bbox 147 2056 273 2137; x_wconf 85' lang='lat' dir='ltr'>lexica</span> <span class='ocrx_word' id='word_1_101' title='bbox 293 2077 332 2138; x_wconf 89' lang='lat' dir='ltr'>et</span> <span class='ocrx_word' id='word_1_102' title='bbox 351 2058 527 2167; x_wconf 83' lang='lat' dir='ltr'>gloffaria</span> <span class='ocrx_word' id='word_1_103' title='bbox 544 2061 591 2140; x_wconf 94' lang='lat' dir='ltr'>ad</span> <span class='ocrx_word' id='word_1_104' title='bbox 611 2060 848 2140; x_wconf 67' lang='lat' dir='ltr'>senectutem</span> <span class='ocrx_word' id='word_1_105' title='bbox 868 2059 987 2167; x_wconf 91' lang='lat' dir='ltr'>usque</span> <span class='ocrx_word' id='word_1_106' title='bbox 1002 2057 1146 2138; x_wconf 81' lang='lat' dir='ltr'>triviffe</span> <span class='ocrx_word' id='word_1_107' title='bbox 1161 2054 1292 2167; x_wconf 84' lang='lat' dir='ltr'>potilrs</span> 
     </span>
     <span class='ocr_line' id='line_1_15' title="bbox 146 2168 1291 2279; baseline 0.001 -33"><span class='ocrx_word' id='word_1_108' title='bbox 146 2168 301 2267; x_wconf 89' lang='lat' dir='ltr'>videris,</span> <span class='ocrx_word' id='word_1_109' title='bbox 322 2170 442 2277; x_wconf 77' lang='lat' dir='ltr'>qulam</span> <span class='ocrx_word' id='word_1_110' title='bbox 462 2170 643 2253; x_wconf 89' lang='lat' dir='ltr'>authores</span> <span class='ocrx_word' id='word_1_111' title='bbox 662 2173 785 2252; x_wconf 87' lang='lat' dir='ltr'>bonos</span> <span class='ocrx_word' id='word_1_112' title='bbox 802 2200 895 2252; x_wconf 90' lang='lat' dir='ltr'>cum</span> <span class='ocrx_word' id='word_1_113' title='bbox 907 2172 1059 2279; x_wconf 89' lang='lat' dir='ltr'>judicio</span> <span class='ocrx_word' id='word_1_114' title='bbox 1078 2189 1147 2250; x_wconf 92' lang='lat' dir='ltr'>aut</span> <span class='ocrx_word' id='word_1_115' title='bbox 1164 2168 1291 2249; x_wconf 70' lang='lat' dir='ltr'>fructu</span> 
     </span>
     <span class='ocr_line' id='line_1_16' title="bbox 145 2280 1291 2397; baseline 0.001 -39"><span class='ocrx_word' id='word_1_116' title='bbox 145 2280 375 2390; x_wconf 84' lang='lat' dir='ltr'>perlegiffe?</span> <span class='ocrx_word' id='word_1_117' title='bbox 396 2284 497 2363; x_wconf 91' lang='lat' dir='ltr'>unde</span> <span class='ocrx_word' id='word_1_118' title='bbox 510 2285 567 2363; x_wconf 91' lang='lat' dir='ltr'>nil</span> <span class='ocrx_word' id='word_1_119' title='bbox 580 2285 893 2397; x_wconf 85' lang='lat' dir='ltr'>praetercodices,</span> <span class='ocrx_word' id='word_1_120' title='bbox 908 2303 947 2362; x_wconf 90' lang='lat' dir='ltr'>et</span> <span class='ocrx_word' id='word_1_121' title='bbox 959 2285 1080 2362; x_wconf 91' lang='lat' dir='ltr'>varias</span> <span class='ocrx_word' id='word_1_122' title='bbox 1092 2282 1291 2372; x_wconf 76' lang='lat' dir='ltr'>lectiones,</span> 
     </span>
     <span class='ocr_line' id='line_1_17' title="bbox 145 2392 1291 2506; baseline 0 -35"><span class='ocrx_word' id='word_1_123' title='bbox 145 2413 185 2472; x_wconf 92' lang='lat' dir='ltr'>et</span> <span class='ocrx_word' id='word_1_124' title='bbox 202 2392 383 2474; x_wconf 79' lang='lat' dir='ltr'>luxatum</span> <span class='ocrx_word' id='word_1_125' title='bbox 403 2416 442 2475; x_wconf 92' lang='lat' dir='ltr'>et</span> <span class='ocrx_word' id='word_1_126' title='bbox 461 2397 706 2498; x_wconf 82' lang='lat' dir='ltr'>mendosum,</span> <span class='ocrx_word' id='word_1_127' title='bbox 726 2425 883 2506; x_wconf 87' lang='lat' dir='ltr'>crepas;</span> <span class='ocrx_word' id='word_1_128' title='bbox 904 2395 1087 2474; x_wconf 76' lang='lat' dir='ltr'>doctrinae</span> <span class='ocrx_word' id='word_1_129' title='bbox 1100 2393 1291 2473; x_wconf 90' lang='lat' dir='ltr'>solidioris</span> 
     </span>
     <span class='ocr_line' id='line_1_18' title="bbox 146 2501 1293 2615; baseline 0 -33"><span class='ocrx_word' id='word_1_130' title='bbox 146 2531 194 2582; x_wconf 90' lang='lat' dir='ltr'>ne</span> <span class='ocrx_word' id='word_1_131' title='bbox 214 2508 415 2613; x_wconf 89' lang='lat' dir='ltr'>guttulum</span> <span class='ocrx_word' id='word_1_132' title='bbox 434 2509 598 2615; x_wconf 92' lang='lat' dir='ltr'>quidem</span> <span class='ocrx_word' id='word_1_133' title='bbox 619 2507 778 2588; x_wconf 81' lang='lat' dir='ltr'>haufiffe</span> <span class='ocrx_word' id='word_1_134' title='bbox 798 2528 835 2587; x_wconf 86' lang='lat' dir='ltr'>te</span> <span class='ocrx_word' id='word_1_135' title='bbox 855 2507 1035 2588; x_wconf 87' lang='lat' dir='ltr'>ostendis.</span> <span class='ocrx_word' id='word_1_136' title='bbox 1096 2508 1162 2585; x_wconf 91' lang='lat' dir='ltr'>An</span> <span class='ocrx_word' id='word_1_137' title='bbox 1181 2523 1224 2584; x_wconf 93' lang='lat' dir='ltr'>tu</span> <span class='ocrx_word' id='word_1_138' title='bbox 1238 2501 1293 2581; x_wconf 86' lang='lat' dir='ltr'>sa-</span> 
     </span>
     <span class='ocr_line' id='line_1_19' title="bbox 144 2614 1293 2726; baseline 0 -32"><span class='ocrx_word' id='word_1_139' title='bbox 144 2617 282 2724; x_wconf 87' lang='lat' dir='ltr'>piens?</span> <span class='ocrx_word' id='word_1_140' title='bbox 306 2620 443 2726; x_wconf 91' lang='lat' dir='ltr'>quide</span> <span class='ocrx_word' id='word_1_141' title='bbox 462 2620 640 2700; x_wconf 90' lang='lat' dir='ltr'>minutiis</span> <span class='ocrx_word' id='word_1_142' title='bbox 658 2620 924 2699; x_wconf 86' lang='lat' dir='ltr'>minutiffimis</span> <span class='ocrx_word' id='word_1_143' title='bbox 943 2619 1120 2699; x_wconf 85' lang='lat' dir='ltr'>rixariet</span> <span class='ocrx_word' id='word_1_144' title='bbox 1139 2614 1293 2696; x_wconf 90' lang='lat' dir='ltr'>mendi·</span> 
     </span>
     <span class='ocr_line' id='line_1_20' title="bbox 144 2730 1295 2838; baseline 0.001 -33"><span class='ocrx_word' id='word_1_145' title='bbox 144 2754 283 2807; x_wconf 90' lang='lat' dir='ltr'>corum</span> <span class='ocrx_word' id='word_1_146' title='bbox 309 2730 410 2809; x_wconf 90' lang='lat' dir='ltr'>bella</span> <span class='ocrx_word' id='word_1_147' title='bbox 429 2757 563 2836; x_wconf 88' lang='lat' dir='ltr'>gerere</span> <span class='ocrx_word' id='word_1_148' title='bbox 584 2731 693 2826; x_wconf 91' lang='lat' dir='ltr'>soles,</span> <span class='ocrx_word' id='word_1_149' title='bbox 714 2732 783 2838; x_wconf 92' lang='lat' dir='ltr'>qui</span> <span class='ocrx_word' id='word_1_150' title='bbox 802 2758 907 2810; x_wconf 91' lang='lat' dir='ltr'>nunc</span> <span class='ocrx_word' id='word_1_151' title='bbox 926 2730 1169 2822; x_wconf 87' lang='lat' dir='ltr'>astronomis,</span> <span class='ocrx_word' id='word_1_152' title='bbox 1190 2753 1295 2808; x_wconf 90' lang='lat' dir='ltr'>nunc</span> 
     </span>
     <span class='ocr_line' id='line_1_21' title="bbox 145 2839 1295 2951; baseline 0.001 -34"><span class='ocrx_word' id='word_1_153' title='bbox 145 2839 309 2920; x_wconf 88' lang='lat' dir='ltr'>medicis</span> <span class='ocrx_word' id='word_1_154' title='bbox 334 2842 373 2919; x_wconf 92' lang='lat' dir='ltr'>in</span> <span class='ocrx_word' id='word_1_155' title='bbox 394 2840 459 2920; x_wconf 89' lang='lat' dir='ltr'>sua</span> <span class='ocrx_word' id='word_1_156' title='bbox 478 2862 558 2922; x_wconf 89' lang='lat' dir='ltr'>arte</span> <span class='ocrx_word' id='word_1_157' title='bbox 577 2844 780 2923; x_wconf 85' lang='lat' dir='ltr'>credendis</span> <span class='ocrx_word' id='word_1_158' title='bbox 801 2844 1006 2951; x_wconf 88' lang='lat' dir='ltr'>imperitus</span> <span class='ocrx_word' id='word_1_159' title='bbox 1026 2841 1107 2950; x_wconf 93' lang='lat' dir='ltr'>ipse</span> <span class='ocrx_word' id='word_1_160' title='bbox 1128 2859 1170 2920; x_wconf 88' lang='lat' dir='ltr'>et</span> <span class='ocrx_word' id='word_1_161' title='bbox 1188 2840 1295 2918; x_wconf 90' lang='lat' dir='ltr'>rudis</span> 
     </span>
     <span class='ocr_line' id='line_1_22' title="bbox 145 2950 1297 3062; baseline 0.003 -34"><span class='ocrx_word' id='word_1_162' title='bbox 145 2952 316 3031; x_wconf 89' lang='lat' dir='ltr'>convitia</span> <span class='ocrx_word' id='word_1_163' title='bbox 335 2953 456 3047; x_wconf 83' lang='lat' dir='ltr'>dicis3</span> <span class='ocrx_word' id='word_1_164' title='bbox 485 2955 569 3062; x_wconf 92' lang='lat' dir='ltr'>qui,</span> <span class='ocrx_word' id='word_1_165' title='bbox 588 2955 703 3062; x_wconf 77' lang='lat' dir='ltr'>saquis</span> <span class='ocrx_word' id='word_1_166' title='bbox 724 2955 797 3034; x_wconf 93' lang='lat' dir='ltr'>tibi</span> <span class='ocrx_word' id='word_1_167' title='bbox 815 2954 963 3034; x_wconf 84' lang='lat' dir='ltr'>voculae</span> <span class='ocrx_word' id='word_1_168' title='bbox 984 2955 1098 3032; x_wconf 90' lang='lat' dir='ltr'>unius</span> <span class='ocrx_word' id='word_1_169' title='bbox 1116 2969 1186 3031; x_wconf 84' lang='lat' dir='ltr'>aut</span> <span class='ocrx_word' id='word_1_170' title='bbox 1206 2950 1297 3031; x_wconf 86' lang='lat' dir='ltr'>lite-</span> 
     </span>
     <span class='ocr_line' id='line_1_23' title="bbox 147 3061 1296 3175; baseline 0.002 -34"><span class='ocrx_word' id='word_1_171' title='bbox 147 3061 237 3141; x_wconf 86' lang='lat' dir='ltr'>rulae</span> <span class='ocrx_word' id='word_1_172' title='bbox 265 3065 308 3143; x_wconf 94' lang='lat' dir='ltr'>in</span> <span class='ocrx_word' id='word_1_173' title='bbox 336 3066 555 3175; x_wconf 85' lang='lat' dir='ltr'>exemplari</span> <span class='ocrx_word' id='word_1_174' title='bbox 583 3068 722 3174; x_wconf 91' lang='lat' dir='ltr'>quovis</span> <span class='ocrx_word' id='word_1_175' title='bbox 741 3067 807 3146; x_wconf 89' lang='lat' dir='ltr'>abs</span> <span class='ocrx_word' id='word_1_176' title='bbox 828 3086 865 3145; x_wconf 91' lang='lat' dir='ltr'>te</span> <span class='ocrx_word' id='word_1_177' title='bbox 886 3065 1067 3145; x_wconf 84' lang='lat' dir='ltr'>restitutae</span> <span class='ocrx_word' id='word_1_178' title='bbox 1085 3062 1296 3174; x_wconf 89' lang='lat' dir='ltr'>gloriolam</span> 
     </span>
     <span class='ocr_line' id='line_1_24' title="bbox 146 3175 1296 3286; baseline 0.002 -35"><span class='ocrx_word' id='word_1_179' title='bbox 146 3175 350 3283; x_wconf 86' lang='lat' dir='ltr'>praeripere</span> <span class='ocrx_word' id='word_1_180' title='bbox 370 3197 588 3272; x_wconf 88' lang='lat' dir='ltr'>conaretur,</span> <span class='ocrx_word' id='word_1_181' title='bbox 606 3180 689 3286; x_wconf 86' lang='lat' dir='ltr'>igni</span> <span class='ocrx_word' id='word_1_182' title='bbox 711 3198 750 3257; x_wconf 91' lang='lat' dir='ltr'>et</span> <span class='ocrx_word' id='word_1_183' title='bbox 769 3178 883 3285; x_wconf 71' lang='lat' dir='ltr'>aqua,</span> <span class='ocrx_word' id='word_1_184' title='bbox 901 3178 927 3257; x_wconf 90' lang='lat' dir='ltr'>fi</span> <span class='ocrx_word' id='word_1_185' title='bbox 947 3176 1084 3286; x_wconf 75' lang='lat' dir='ltr'>posses,</span> <span class='ocrx_word' id='word_1_186' title='bbox 1098 3177 1158 3255; x_wconf 90' lang='lat' dir='ltr'>illi</span> <span class='ocrx_word' id='word_1_187' title='bbox 1173 3176 1296 3255; x_wconf 88' lang='lat' dir='ltr'>inter-</span> 
     </span>
     <span class='ocr_line' id='line_1_25' title="bbox 147 3286 1296 3395; baseline 0.003 -32"><span class='ocrx_word' id='word_1_188' title='bbox 147 3286 326 3366; x_wconf 88' lang='lat' dir='ltr'>diceres?</span> <span class='ocrx_word' id='word_1_189' title='bbox 372 3291 425 3367; x_wconf 88' lang='lat' dir='ltr'>Et</span> <span class='ocrx_word' id='word_1_190' title='bbox 455 3308 586 3368; x_wconf 92' lang='lat' dir='ltr'>tamen</span> <span class='ocrx_word' id='word_1_191' title='bbox 616 3287 881 3383; x_wconf 89' lang='lat' dir='ltr'>stomacharis,</span> <span class='ocrx_word' id='word_1_192' title='bbox 906 3308 1095 3368; x_wconf 86' lang='lat' dir='ltr'>ettamen</span> <span class='ocrx_word' id='word_1_193' title='bbox 1116 3287 1296 3395; x_wconf 87' lang='lat' dir='ltr'>ringeris,</span> 
     </span>
     <span class='ocr_line' id='line_1_26' title="bbox 145 3395 1297 3509; baseline 0.001 -33"><span class='ocrx_word' id='word_1_194' title='bbox 145 3395 253 3505; x_wconf 80' lang='lat' dir='ltr'>qudd</span> <span class='ocrx_word' id='word_1_195' title='bbox 280 3425 416 3478; x_wconf 91' lang='lat' dir='ltr'>omnes</span> <span class='ocrx_word' id='word_1_196' title='bbox 441 3418 478 3479; x_wconf 91' lang='lat' dir='ltr'>te</span> <span class='ocrx_word' id='word_1_197' title='bbox 500 3402 817 3481; x_wconf 89' lang='lat' dir='ltr'>Grammaticum</span> <span class='ocrx_word' id='word_1_198' title='bbox 837 3401 1049 3509; x_wconf 87' lang='lat' dir='ltr'>appellant.</span> <span class='ocrx_word' id='word_1_199' title='bbox 1108 3400 1297 3478; x_wconf 88' lang='lat' dir='ltr'>Hamon-</span> 
     </span>
     <span class='ocr_line' id='line_1_27' title="bbox 147 3509 1300 3620; baseline 0.002 -33"><span class='ocrx_word' id='word_1_200' title='bbox 147 3510 243 3588; x_wconf 91' lang='lat' dir='ltr'>dum</span> <span class='ocrx_word' id='word_1_201' title='bbox 271 3539 396 3620; x_wconf 91' lang='lat' dir='ltr'>nuper</span> <span class='ocrx_word' id='word_1_202' title='bbox 426 3512 527 3620; x_wconf 90' lang='lat' dir='ltr'>regis</span> <span class='ocrx_word' id='word_1_203' title='bbox 556 3510 672 3619; x_wconf 89' lang='lat' dir='ltr'>hujus</span> <span class='ocrx_word' id='word_1_204' title='bbox 692 3513 937 3592; x_wconf 88' lang='lat' dir='ltr'>Sacellanum</span> <span class='ocrx_word' id='word_1_205' title='bbox 957 3510 1153 3619; x_wconf 90' lang='lat' dir='ltr'>imprimis</span> <span class='ocrx_word' id='word_1_206' title='bbox 1174 3509 1300 3590; x_wconf 83' lang='lat' dir='ltr'>dilec-</span> 
     </span>
     <span class='ocr_line' id='line_1_28' title="bbox 149 3616 1299 3732; baseline 0.001 -31"><span class='ocrx_word' id='word_1_207' title='bbox 149 3622 336 3702; x_wconf 88' lang='lat' dir='ltr'>tiffimum</span> <span class='ocrx_word' id='word_1_208' title='bbox 367 3623 407 3702; x_wconf 94' lang='lat' dir='ltr'>in</span> <span class='ocrx_word' id='word_1_209' title='bbox 431 3624 531 3703; x_wconf 92' lang='lat' dir='ltr'>libro</span> <span class='ocrx_word' id='word_1_210' title='bbox 551 3625 724 3732; x_wconf 89' lang='lat' dir='ltr'>quodam</span> <span class='ocrx_word' id='word_1_211' title='bbox 743 3616 949 3730; x_wconf 85' lang='lat' dir='ltr'>nugatorio</span> <span class='ocrx_word' id='word_1_212' title='bbox 968 3623 1207 3702; x_wconf 89' lang='lat' dir='ltr'>nebulonem</span> <span class='ocrx_word' id='word_1_213' title='bbox 1227 3650 1299 3730; x_wconf 89' lang='lat' dir='ltr'>pa-</span> 
     </span>
     <span class='ocr_line' id='line_1_29' title="bbox 148 3731 1299 3844; baseline 0 -32"><span class='ocrx_word' id='word_1_214' title='bbox 148 3731 227 3813; x_wconf 71' lang='lat' dir='ltr'>lam</span> <span class='ocrx_word' id='word_1_215' title='bbox 243 3733 429 3844; x_wconf 88' lang='lat' dir='ltr'>appellas,</span> <span class='ocrx_word' id='word_1_216' title='bbox 449 3734 555 3843; x_wconf 79' lang='lat' dir='ltr'>qudd</span> <span class='ocrx_word' id='word_1_217' title='bbox 578 3737 609 3815; x_wconf 90' lang='lat' dir='ltr'>is</span> <span class='ocrx_word' id='word_1_218' title='bbox 628 3755 665 3817; x_wconf 90' lang='lat' dir='ltr'>te</span> <span class='ocrx_word' id='word_1_219' title='bbox 685 3737 991 3842; x_wconf 88' lang='lat' dir='ltr'>grammaticum</span> <span class='ocrx_word' id='word_1_220' title='bbox 1006 3733 1299 3843; x_wconf 71' lang='lat' dir='ltr'>appellavisset:</span> 
     </span>
     <span class='ocr_line' id='line_1_30' title="bbox 149 3845 1301 3955; baseline 0.002 -33"><span class='ocrx_word' id='word_1_221' title='bbox 149 3845 271 3937; x_wconf 90' lang='lat' dir='ltr'>idem,</span> <span class='ocrx_word' id='word_1_222' title='bbox 303 3847 433 3938; x_wconf 88' lang='lat' dir='ltr'>cred0,</span> <span class='ocrx_word' id='word_1_223' title='bbox 463 3846 554 3926; x_wconf 82' lang='lat' dir='ltr'>effes</span> <span class='ocrx_word' id='word_1_224' title='bbox 583 3848 654 3955; x_wconf 80' lang='lat' dir='ltr'>ipss</span> <span class='ocrx_word' id='word_1_225' title='bbox 685 3850 769 3955; x_wconf 90' lang='lat' dir='ltr'>regi</span> <span class='ocrx_word' id='word_1_226' title='bbox 798 3849 1017 3926; x_wconf 90' lang='lat' dir='ltr'>convitium</span> <span class='ocrx_word' id='word_1_227' title='bbox 1044 3846 1232 3938; x_wconf 74' lang='lat' dir='ltr'>facturus,</span> <span class='ocrx_word' id='word_1_228' title='bbox 1259 3866 1301 3924; x_wconf 92' lang='lat' dir='ltr'>et</span> 
     </span>
     <span class='ocr_line' id='line_1_31' title="bbox 148 3953 1300 4052; baseline 0.001 -19"><span class='ocrx_word' id='word_1_229' title='bbox 148 3955 414 4035; x_wconf 79' lang='lat' dir='ltr'>defenfionem</span> <span class='ocrx_word' id='word_1_230' title='bbox 435 3953 535 4036; x_wconf 89' lang='lat' dir='ltr'>hanc</span> <span class='ocrx_word' id='word_1_231' title='bbox 555 3976 679 4037; x_wconf 86' lang='lat' dir='ltr'>totam</span> <span class='ocrx_word' id='word_1_232' title='bbox 695 3963 981 4052; x_wconf 70' lang='lat' dir='ltr'>retractaturus,</span> <span class='ocrx_word' id='word_1_233' title='bbox 994 3958 1022 4036; x_wconf 89' lang='lat' dir='ltr'>fi</span> <span class='ocrx_word' id='word_1_234' title='bbox 1035 3956 1226 4037; x_wconf 89' lang='lat' dir='ltr'>Sacellani</span> <span class='ocrx_word' id='word_1_235' title='bbox 1241 3955 1300 4034; x_wconf 89' lang='lat' dir='ltr'>sui</span> 
     </span>
     <span class='ocr_line' id='line_1_32' title="bbox 150 4062 1300 4177; baseline 0.002 -32"><span class='ocrx_word' id='word_1_236' title='bbox 150 4067 199 4145; x_wconf 91' lang='lat' dir='ltr'>de</span> <span class='ocrx_word' id='word_1_237' title='bbox 216 4067 458 4172; x_wconf 87' lang='lat' dir='ltr'>tejudicium</span> <span class='ocrx_word' id='word_1_238' title='bbox 474 4069 698 4177; x_wconf 81' lang='lat' dir='ltr'>approbaffe</span> <span class='ocrx_word' id='word_1_239' title='bbox 714 4071 930 4150; x_wconf 69' lang='lat' dir='ltr'>audivisses.</span> <span class='ocrx_word' id='word_1_240' title='bbox 971 4070 1064 4173; x_wconf 89' lang='lat' dir='ltr'>Jam</span> <span class='ocrx_word' id='word_1_241' title='bbox 1076 4068 1166 4147; x_wconf 89' lang='lat' dir='ltr'>vide</span> <span class='ocrx_word' id='word_1_242' title='bbox 1177 4062 1300 4176; x_wconf 74' lang='lat' dir='ltr'>quiam</span> 
     </span>
     <span class='ocr_line' id='line_1_33' title="bbox 152 4177 1300 4289; baseline 0.002 -34"><span class='ocrx_word' id='word_1_243' title='bbox 152 4196 189 4256; x_wconf 87' lang='lat' dir='ltr'>te</span> <span class='ocrx_word' id='word_1_244' title='bbox 213 4180 440 4285; x_wconf 89' lang='lat' dir='ltr'>Anglorum</span> <span class='ocrx_word' id='word_1_245' title='bbox 471 4208 585 4273; x_wconf 91' lang='lat' dir='ltr'>unus,</span> <span class='ocrx_word' id='word_1_246' title='bbox 615 4210 714 4289; x_wconf 88' lang='lat' dir='ltr'>quos</span> <span class='ocrx_word' id='word_1_247' title='bbox 736 4186 792 4261; x_wconf 86' lang='lat' dir='ltr'>tu&#39;</span> <span class='ocrx_word' id='word_1_248' title='bbox 796 4182 1008 4286; x_wconf 86' lang='lat' dir='ltr'>fanaticos,</span> <span class='ocrx_word' id='word_1_249' title='bbox 1033 4179 1205 4274; x_wconf 66' lang='lat' dir='ltr'>indoctos,</span> <span class='ocrx_word' id='word_1_250' title='bbox 1234 4177 1300 4258; x_wconf 85' lang='lat' dir='ltr'>ob-</span> 
     </span>
     <span class='ocr_line' id='line_1_34' title="bbox 136 4287 1302 4398; baseline 0.003 -31"><span class='ocrx_word' id='word_1_251' title='bbox 136 4287 285 4395; x_wconf 86' lang='lat' dir='ltr'>scuros,</span> <span class='ocrx_word' id='word_1_252' title='bbox 312 4290 487 4398; x_wconf 85' lang='lat' dir='ltr'>improbos</span> <span class='ocrx_word' id='word_1_253' title='bbox 506 4295 674 4372; x_wconf 90' lang='lat' dir='ltr'>vocitare</span> <span class='ocrx_word' id='word_1_254' title='bbox 703 4295 835 4385; x_wconf 90' lang='lat' dir='ltr'>audes,</span> <span class='ocrx_word' id='word_1_255' title='bbox 854 4312 1107 4372; x_wconf 91' lang='lat' dir='ltr'>contemnam</span> <span class='ocrx_word' id='word_1_256' title='bbox 1134 4311 1174 4371; x_wconf 88' lang='lat' dir='ltr'>et</span> <span class='ocrx_word' id='word_1_257' title='bbox 1192 4290 1302 4370; x_wconf 93' lang='lat' dir='ltr'>ludi-</span> 
     </span>
     <span class='ocr_line' id='line_1_35' title="bbox 151 4400 1301 4513; baseline 0.002 -34"><span class='ocrx_word' id='word_1_258' title='bbox 151 4400 237 4481; x_wconf 90' lang='lat' dir='ltr'>brio</span> <span class='ocrx_word' id='word_1_259' title='bbox 267 4400 448 4495; x_wconf 90' lang='lat' dir='ltr'>habeam,</span> <span class='ocrx_word' id='word_1_260' title='bbox 471 4404 580 4509; x_wconf 86' lang='lat' dir='ltr'>(nam</span> <span class='ocrx_word' id='word_1_261' title='bbox 605 4405 803 4483; x_wconf 88' lang='lat' dir='ltr'>nationem</span> <span class='ocrx_word' id='word_1_262' title='bbox 823 4404 948 4513; x_wconf 86' lang='lat' dir='ltr'>ipsam</span> <span class='ocrx_word' id='word_1_263' title='bbox 965 4404 1231 4512; x_wconf 89' lang='lat' dir='ltr'>Anglicanam</span> <span class='ocrx_word' id='word_1_264' title='bbox 1251 4402 1301 4481; x_wconf 88' lang='lat' dir='ltr'>de</span> 
     </span>
     <span class='ocr_line' id='line_1_36' title="bbox 151 4513 1303 4623; baseline 0.001 -31"><span class='ocrx_word' id='word_1_265' title='bbox 151 4531 189 4592; x_wconf 89' lang='lat' dir='ltr'>te</span> <span class='ocrx_word' id='word_1_266' title='bbox 219 4513 433 4622; x_wconf 91' lang='lat' dir='ltr'>quicquam</span> <span class='ocrx_word' id='word_1_267' title='bbox 463 4514 620 4623; x_wconf 71' lang='lat' dir='ltr'>publice</span> <span class='ocrx_word' id='word_1_268' title='bbox 643 4516 814 4621; x_wconf 88' lang='lat' dir='ltr'>cogitare</span> <span class='ocrx_word' id='word_1_269' title='bbox 833 4514 1147 4608; x_wconf 89' lang='lat' dir='ltr'>curculiunculo,</span> <span class='ocrx_word' id='word_1_270' title='bbox 1166 4514 1303 4622; x_wconf 90' lang='lat' dir='ltr'>indig-</span> 
     </span>
     <span class='ocr_line' id='line_1_37' title="bbox 153 4624 1303 4734; baseline 0.002 -31"><span class='ocrx_word' id='word_1_271' title='bbox 153 4624 353 4703; x_wconf 87' lang='lat' dir='ltr'>niffimum</span> <span class='ocrx_word' id='word_1_272' title='bbox 370 4625 477 4731; x_wconf 74' lang='lat' dir='ltr'>effer)</span> <span class='ocrx_word' id='word_1_273' title='bbox 499 4629 567 4733; x_wconf 95' lang='lat' dir='ltr'>qui</span> <span class='ocrx_word' id='word_1_274' title='bbox 584 4625 746 4719; x_wconf 90' lang='lat' dir='ltr'>sursum,</span> <span class='ocrx_word' id='word_1_275' title='bbox 768 4627 964 4718; x_wconf 92' lang='lat' dir='ltr'>deorsum,</span> <span class='ocrx_word' id='word_1_276' title='bbox 982 4625 1303 4734; x_wconf 89' lang='lat' dir='ltr'>quoquoversum</span> 
     </span>
     <span class='ocr_line' id='line_1_38' title="bbox 150 4736 1308 4846; baseline -0.002 -30"><span class='ocrx_word' id='word_1_277' title='bbox 150 4736 318 4817; x_wconf 88' lang='lat' dir='ltr'>versatus</span> <span class='ocrx_word' id='word_1_278' title='bbox 339 4757 378 4819; x_wconf 90' lang='lat' dir='ltr'>et</span> <span class='ocrx_word' id='word_1_279' title='bbox 398 4737 607 4831; x_wconf 88' lang='lat' dir='ltr'>volutatus,</span> <span class='ocrx_word' id='word_1_280' title='bbox 629 4736 728 4817; x_wconf 90' lang='lat' dir='ltr'>nihil</span> <span class='ocrx_word' id='word_1_281' title='bbox 747 4738 817 4817; x_wconf 89' lang='lat' dir='ltr'>nisr</span> <span class='ocrx_word' id='word_1_282' title='bbox 836 4739 1117 4846; x_wconf 85' lang='lat' dir='ltr'>grammaticus</span> <span class='ocrx_word' id='word_1_283' title='bbox 1134 4766 1200 4819; x_wconf 87' lang='lat' dir='ltr'>es:</span> <span class='ocrx_word' id='word_1_284' title='bbox 1222 4738 1308 4818; x_wconf 51' lang='lat' dir='ltr'>im«</span> 
     </span>
    </p>
   </div>
   <div class='ocr_carea' id='block_1_3' title="bbox 0 0 1453 5204">
    <p class='ocr_par' dir='ltr' id='par_1_3' title="bbox 0 0 1453 5204">
     <span class='ocr_line' id='line_1_39' title="bbox 0 0 1453 5204; baseline 0 0"><span class='ocrx_word' id='word_1_285' title='bbox 0 0 1453 5204; x_wconf 95' lang='lat' dir='ltr'> </span> 
     </span>
    </p>
   </div>
  </div>
 </body>
</html>
