<?xml version="1.0" encoding="UTF-8"?>
<!DOCTYPE html PUBLIC "-//W3C//DTD XHTML 1.0 Transitional//EN"
    "http://www.w3.org/TR/xhtml1/DTD/xhtml1-transitional.dtd">
<html xmlns="http://www.w3.org/1999/xhtml" xml:lang="en" lang="en">
 <head>
  <title>
</title>
<meta http-equiv="Content-Type" content="text/html;charset=utf-8" />
  <meta name='ocr-system' content='tesseract 3.04.00' />
  <meta name='ocr-capabilities' content='ocr_page ocr_carea ocr_par ocr_line ocrx_word'/>
</head>
<body>
  <div class='ocr_page' id='page_1' title='image "./worksjohnmilton07miltgoog_0364.png"; bbox 0 0 2888 5204; ppageno 0'>
   <div class='ocr_carea' id='block_1_1' title="bbox 372 594 1323 722">
    <p class='ocr_par' dir='ltr' id='par_1_1' title="bbox 372 594 1323 722">
     <span class='ocr_line' id='line_1_1' title="bbox 372 594 1323 722; baseline 0.009 -28"><span class='ocrx_word' id='word_1_1' title='bbox 372 602 552 695; x_wconf 87' lang='lat' dir='ltr'>Contra</span> <span class='ocrx_word' id='word_1_2' title='bbox 577 594 900 694; x_wconf 85' lang='lat' dir='ltr'>Alexandrum</span> <span class='ocrx_word' id='word_1_3' title='bbox 926 602 1138 697; x_wconf 89' lang='lat' dir='ltr'>Morum.</span> <span class='ocrx_word' id='word_1_4' title='bbox 1244 639 1323 722; x_wconf 88' lang='lat'>347</span> 
     </span>
    </p>
   </div>
   <div class='ocr_carea' id='block_1_2' title="bbox 124 770 1402 4911">
    <p class='ocr_par' dir='ltr' id='par_1_2' title="bbox 124 770 1327 1554">
     <span class='ocr_line' id='line_1_2' title="bbox 169 770 1327 865; baseline -0.001 -10"><span class='ocrx_word' id='word_1_5' title='bbox 169 770 413 855; x_wconf 81' lang='lat' dir='ltr'>existiment.</span> <span class='ocrx_word' id='word_1_6' title='bbox 472 773 585 852; x_wconf 92' lang='lat' dir='ltr'>Huic</span> <span class='ocrx_word' id='word_1_7' title='bbox 610 771 771 852; x_wconf 86' lang='lat' dir='ltr'>acceffio</span> <span class='ocrx_word' id='word_1_8' title='bbox 796 772 867 865; x_wconf 93' lang='lat' dir='ltr'>est,</span> <span class='ocrx_word' id='word_1_9' title='bbox 888 773 1030 854; x_wconf 92' lang='lat' dir='ltr'>Ulacci</span> <span class='ocrx_word' id='word_1_10' title='bbox 1056 775 1196 855; x_wconf 88' lang='lat' dir='ltr'>itidem</span> <span class='ocrx_word' id='word_1_11' title='bbox 1223 775 1327 854; x_wconf 85' lang='lat' dir='ltr'>mala</span> 
     </span>
     <span class='ocr_line' id='line_1_3' title="bbox 171 883 1327 995; baseline 0.003 -32"><span class='ocrx_word' id='word_1_12' title='bbox 171 910 307 978; x_wconf 85' lang='lat' dir='ltr'>merx,</span> <span class='ocrx_word' id='word_1_13' title='bbox 327 883 545 965; x_wconf 79' lang='lat' dir='ltr'><em>Alexandri</em></span> <span class='ocrx_word' id='word_1_14' title='bbox 559 885 670 964; x_wconf 87' lang='lat' dir='ltr'>Mori</span> <span class='ocrx_word' id='word_1_15' title='bbox 670 883 771 992; x_wconf 82' lang='lat' dir='ltr'>fides</span> <span class='ocrx_word' id='word_1_16' title='bbox 781 883 950 993; x_wconf 85' lang='lat' dir='ltr'>publica.</span> <span class='ocrx_word' id='word_1_17' title='bbox 1011 888 1072 966; x_wconf 92' lang='lat' dir='ltr'>lta</span> <span class='ocrx_word' id='word_1_18' title='bbox 1091 914 1166 995; x_wconf 89' lang='lat' dir='ltr'>ego</span> <span class='ocrx_word' id='word_1_19' title='bbox 1185 914 1283 995; x_wconf 91' lang='lat' dir='ltr'>quos</span> <span class='ocrx_word' id='word_1_20' title='bbox 1302 883 1327 967; x_wconf 73' lang='grc' dir='ltr'>ὲ</span> 
     </span>
     <span class='ocr_line' id='line_1_4' title="bbox 124 995 1325 1105; baseline 0.002 -29"><span class='ocrx_word' id='word_1_21' title='bbox 124 1036 127 1043; x_wconf 93' lang='grc'><em>·</em></span> <span class='ocrx_word' id='word_1_22' title='bbox 171 1020 241 1076; x_wconf 88' lang='lat' dir='ltr'>me</span> <span class='ocrx_word' id='word_1_23' title='bbox 266 995 486 1104; x_wconf 72' lang='lat' dir='ltr'>longiffime</span> <span class='ocrx_word' id='word_1_24' title='bbox 519 995 765 1077; x_wconf 80' lang='lat' dir='ltr'>summovisse</span> <span class='ocrx_word' id='word_1_25' title='bbox 789 1025 834 1076; x_wconf 92' lang='lat' dir='ltr'>ac</span> <span class='ocrx_word' id='word_1_26' title='bbox 858 997 1059 1105; x_wconf 73' lang='lat' dir='ltr'>protelasse</span> <span class='ocrx_word' id='word_1_27' title='bbox 1090 998 1178 1078; x_wconf 89' lang='lat' dir='ltr'>sum</span> <span class='ocrx_word' id='word_1_28' title='bbox 1204 1018 1325 1094; x_wconf 88' lang='lat' dir='ltr'>ratus,</span> 
     </span>
     <span class='ocr_line' id='line_1_5' title="bbox 124 1108 1326 1217; baseline 0.002 -28"><span class='ocrx_word' id='word_1_29' title='bbox 124 1114 131 1163; x_wconf 66' lang='lat'>³</span> <span class='ocrx_word' id='word_1_30' title='bbox 172 1134 243 1189; x_wconf 86' lang='lat' dir='ltr'>eos</span> <span class='ocrx_word' id='word_1_31' title='bbox 270 1109 333 1188; x_wconf 93' lang='lat' dir='ltr'>vel</span> <span class='ocrx_word' id='word_1_32' title='bbox 361 1110 504 1189; x_wconf 88' lang='lat' dir='ltr'>invitus</span> <span class='ocrx_word' id='word_1_33' title='bbox 530 1108 598 1188; x_wconf 90' lang='lat' dir='ltr'>sub</span> <span class='ocrx_word' id='word_1_34' title='bbox 628 1108 766 1188; x_wconf 85' lang='lat' dir='ltr'>iisdem</span> <span class='ocrx_word' id='word_1_35' title='bbox 796 1109 964 1217; x_wconf 91' lang='lat' dir='ltr'>pellibus</span> <span class='ocrx_word' id='word_1_36' title='bbox 994 1109 1326 1216; x_wconf 75' lang='lat' dir='ltr'>conjuntiiffimos</span> 
     </span>
     <span class='ocr_line' id='line_1_6' title="bbox 173 1216 1326 1330; baseline -0.001 -29"><span class='ocrx_word' id='word_1_37' title='bbox 173 1216 280 1301; x_wconf 89' lang='lat' dir='ltr'>mihi</span> <span class='ocrx_word' id='word_1_38' title='bbox 299 1222 465 1329; x_wconf 80' lang='lat' dir='ltr'>reperio.</span> <span class='ocrx_word' id='word_1_39' title='bbox 526 1221 591 1300; x_wconf 88' lang='lat' dir='ltr'>Sic</span> <span class='ocrx_word' id='word_1_40' title='bbox 609 1220 665 1300; x_wconf 89' lang='lat' dir='ltr'>est</span> <span class='ocrx_word' id='word_1_41' title='bbox 688 1219 890 1329; x_wconf 76' lang='lat' dir='ltr'>profeti03</span> <span class='ocrx_word' id='word_1_42' title='bbox 921 1223 991 1330; x_wconf 91' lang='lat' dir='ltr'>qui</span> <span class='ocrx_word' id='word_1_43' title='bbox 1014 1221 1214 1303; x_wconf 73' lang='lat' dir='ltr'>liberrime</span> <span class='ocrx_word' id='word_1_44' title='bbox 1234 1222 1326 1301; x_wconf 90' lang='lat' dir='ltr'>rise-</span> 
     </span>
     <span class='ocr_line' id='line_1_7' title="bbox 124 1329 1325 1426; baseline 0.002 -13"><span class='ocrx_word' id='word_1_45' title='bbox 124 1368 128 1375; x_wconf 93' lang='lat'>·</span> <span class='ocrx_word' id='word_1_46' title='bbox 173 1331 228 1413; x_wconf 87' lang='lat' dir='ltr'>rit</span> <span class='ocrx_word' id='word_1_47' title='bbox 254 1329 328 1412; x_wconf 92' lang='lat' dir='ltr'>hos</span> <span class='ocrx_word' id='word_1_48' title='bbox 353 1329 549 1426; x_wconf 87' lang='lat' dir='ltr'>homines,</span> <span class='ocrx_word' id='word_1_49' title='bbox 579 1332 648 1412; x_wconf 87' lang='lat' dir='ltr'>fibi</span> <span class='ocrx_word' id='word_1_50' title='bbox 674 1332 909 1412; x_wconf 86' lang='lat' dir='ltr'><strong>devinxerit.</strong></span> <span class='ocrx_word' id='word_1_51' title='bbox 975 1336 1210 1414; x_wconf 90' lang='lat' dir='ltr'>Cavendum</span> <span class='ocrx_word' id='word_1_52' title='bbox 1238 1334 1325 1415; x_wconf 70' lang='lat' dir='ltr'>sane</span> 
     </span>
     <span class='ocr_line' id='line_1_8' title="bbox 173 1443 1326 1554; baseline 0.001 -30"><span class='ocrx_word' id='word_1_53' title='bbox 173 1460 215 1525; x_wconf 86' lang='lat' dir='ltr'>et</span> <span class='ocrx_word' id='word_1_54' title='bbox 263 1445 375 1524; x_wconf 90' lang='lat' dir='ltr'>rocul</span> <span class='ocrx_word' id='word_1_55' title='bbox 402 1443 636 1552; x_wconf 89' lang='lat' dir='ltr'>fugiendum</span> <span class='ocrx_word' id='word_1_56' title='bbox 663 1447 737 1525; x_wconf 91' lang='lat' dir='ltr'>erit</span> <span class='ocrx_word' id='word_1_57' title='bbox 761 1447 827 1525; x_wconf 91' lang='lat' dir='ltr'>cui</span> <span class='ocrx_word' id='word_1_58' title='bbox 853 1448 1075 1554; x_wconf 90' lang='lat' dir='ltr'>putaverint</span> <span class='ocrx_word' id='word_1_59' title='bbox 1101 1446 1162 1525; x_wconf 93' lang='lat' dir='ltr'>isti</span> <span class='ocrx_word' id='word_1_60' title='bbox 1189 1445 1326 1526; x_wconf 88' lang='lat' dir='ltr'>nasum</span> 
     </span>
    </p>

    <p class='ocr_par' dir='ltr' id='par_1_3' title="bbox 124 1556 1402 2979">
     <span class='ocr_line' id='line_1_9' title="bbox 226 1556 1325 1664; baseline 0.002 -29"><span class='ocrx_word' id='word_1_61' title='bbox 226 1582 250 1635; x_wconf 89' lang='lat' dir='ltr'>e</span> <span class='ocrx_word' id='word_1_62' title='bbox 281 1557 506 1651; x_wconf 87' lang='lat' dir='ltr'>aduncum;</span> <span class='ocrx_word' id='word_1_63' title='bbox 542 1585 593 1636; x_wconf 89' lang='lat' dir='ltr'>ne</span> <span class='ocrx_word' id='word_1_64' title='bbox 623 1557 834 1664; x_wconf 90' lang='lat' dir='ltr'>aliquando</span> <span class='ocrx_word' id='word_1_65' title='bbox 864 1556 950 1637; x_wconf 86' lang='lat' dir='ltr'>satis</span> <span class='ocrx_word' id='word_1_66' title='bbox 983 1558 1097 1652; x_wconf 88' lang='lat' dir='ltr'>irrisr,</span> <span class='ocrx_word' id='word_1_67' title='bbox 1127 1557 1325 1638; x_wconf 88' lang='lat' dir='ltr'>irridentis</span> 
     </span>
     <span class='ocr_line' id='line_1_10' title="bbox 173 1667 1326 1779; baseline -0.001 -28"><span class='ocrx_word' id='word_1_68' title='bbox 173 1667 333 1751; x_wconf 82' lang='lat' dir='ltr'>naribus</span> <span class='ocrx_word' id='word_1_69' title='bbox 367 1670 556 1749; x_wconf 84' lang='lat' dir='ltr'>duntaxat</span> <span class='ocrx_word' id='word_1_70' title='bbox 589 1670 700 1748; x_wconf 91' lang='lat' dir='ltr'>uncis</span> <span class='ocrx_word' id='word_1_71' title='bbox 731 1669 802 1779; x_wconf 83' lang='lat' dir='ltr'>ipsi</span> <span class='ocrx_word' id='word_1_72' title='bbox 832 1668 907 1748; x_wconf 91' lang='lat' dir='ltr'>sese</span> <span class='ocrx_word' id='word_1_73' title='bbox 942 1689 1130 1777; x_wconf 89' lang='lat' dir='ltr'>tanquam</span> <span class='ocrx_word' id='word_1_74' title='bbox 1162 1670 1326 1750; x_wconf 83' lang='lat' dir='ltr'>uniones</span> 
     </span>
     <span class='ocr_line' id='line_1_11' title="bbox 172 1774 1402 1889; baseline 0.001 -30"><span class='ocrx_word' id='word_1_75' title='bbox 172 1774 271 1860; x_wconf 89' lang='lat' dir='ltr'>binc</span> <span class='ocrx_word' id='word_1_76' title='bbox 289 1799 407 1889; x_wconf 89' lang='lat' dir='ltr'>atque</span> <span class='ocrx_word' id='word_1_77' title='bbox 431 1781 523 1860; x_wconf 90' lang='lat' dir='ltr'>inde</span> <span class='ocrx_word' id='word_1_78' title='bbox 548 1779 792 1889; x_wconf 87' lang='lat' dir='ltr'>suspendant.</span> <span class='ocrx_word' id='word_1_79' title='bbox 853 1781 1088 1888; x_wconf 90' lang='lat' dir='ltr'>Cognoscite</span> <span class='ocrx_word' id='word_1_80' title='bbox 1107 1779 1201 1861; x_wconf 83' lang='lat' dir='ltr'>verb</span> <span class='ocrx_word' id='word_1_81' title='bbox 1220 1809 1326 1860; x_wconf 92' lang='lat' dir='ltr'>nunc</span> <span class='ocrx_word' id='word_1_82' title='bbox 1400 1841 1402 1845; x_wconf 86' lang='lat'>-</span> 
     </span>
     <span class='ocr_line' id='line_1_12' title="bbox 173 1890 1325 2003; baseline -0.002 -30"><span class='ocrx_word' id='word_1_83' title='bbox 173 1890 451 1987; x_wconf 76' lang='lat' dir='ltr'>adversarium,</span> <span class='ocrx_word' id='word_1_84' title='bbox 485 1894 602 2003; x_wconf 86' lang='lat' dir='ltr'>liquis</span> <span class='ocrx_word' id='word_1_85' title='bbox 632 1921 810 2002; x_wconf 89' lang='lat' dir='ltr'>unquam</span> <span class='ocrx_word' id='word_1_86' title='bbox 844 1891 935 1987; x_wconf 92' lang='lat' dir='ltr'>fuit,</span> <span class='ocrx_word' id='word_1_87' title='bbox 966 1894 1217 2002; x_wconf 85' lang='lat' dir='ltr'>degenerem,</span> <span class='ocrx_word' id='word_1_88' title='bbox 1247 1894 1325 1972; x_wconf 92' lang='lat' dir='ltr'>ini-</span> 
     </span>
     <span class='ocr_line' id='line_1_13' title="bbox 172 2003 1325 2115; baseline 0 -30"><span class='ocrx_word' id='word_1_89' title='bbox 172 2010 318 2113; x_wconf 88' lang='lat' dir='ltr'>quum,</span> <span class='ocrx_word' id='word_1_90' title='bbox 337 2004 530 2085; x_wconf 89' lang='lat' dir='ltr'>odiosum.</span> <span class='ocrx_word' id='word_1_91' title='bbox 581 2005 625 2084; x_wconf 93' lang='lat' dir='ltr'>N</span> <span class='ocrx_word' id='word_1_92' title='bbox 627 2032 693 2084; x_wconf 91' lang='lat' dir='ltr'>am</span> <span class='ocrx_word' id='word_1_93' title='bbox 712 2024 758 2085; x_wconf 94' lang='lat' dir='ltr'>ut</span> <span class='ocrx_word' id='word_1_94' title='bbox 776 2003 969 2115; x_wconf 79' lang='lat' dir='ltr'>primbm,</span> <span class='ocrx_word' id='word_1_95' title='bbox 989 2006 1216 2115; x_wconf 90' lang='lat' dir='ltr'>nescioquo</span> <span class='ocrx_word' id='word_1_96' title='bbox 1236 2006 1325 2085; x_wconf 88' lang='lat' dir='ltr'>casu</span> 
     </span>
     <span class='ocr_line' id='line_1_14' title="bbox 173 2116 1325 2225; baseline 0.002 -31"><span class='ocrx_word' id='word_1_97' title='bbox 173 2142 246 2225; x_wconf 86' lang='lat' dir='ltr'>per</span> <span class='ocrx_word' id='word_1_98' title='bbox 263 2116 440 2196; x_wconf 88' lang='lat' dir='ltr'>amicum</span> <span class='ocrx_word' id='word_1_99' title='bbox 460 2144 612 2210; x_wconf 91' lang='lat' dir='ltr'>meum,</span> <span class='ocrx_word' id='word_1_100' title='bbox 633 2144 711 2196; x_wconf 91' lang='lat' dir='ltr'>non</span> <span class='ocrx_word' id='word_1_101' title='bbox 732 2118 772 2197; x_wconf 95' lang='lat' dir='ltr'>id</span> <span class='ocrx_word' id='word_1_102' title='bbox 799 2137 983 2224; x_wconf 86' lang='lat' dir='ltr'>agentem</span> <span class='ocrx_word' id='word_1_103' title='bbox 1009 2137 1055 2198; x_wconf 90' lang='lat' dir='ltr'>ut</span> <span class='ocrx_word' id='word_1_104' title='bbox 1073 2118 1121 2198; x_wconf 91' lang='lat' dir='ltr'>ab</span> <span class='ocrx_word' id='word_1_105' title='bbox 1141 2119 1214 2198; x_wconf 93' lang='lat' dir='ltr'>isto</span> <span class='ocrx_word' id='word_1_106' title='bbox 1234 2144 1325 2225; x_wconf 89' lang='lat' dir='ltr'>gra-</span> 
     </span>
     <span class='ocr_line' id='line_1_15' title="bbox 173 2226 1326 2336; baseline -0.002 -27"><span class='ocrx_word' id='word_1_107' title='bbox 173 2226 275 2309; x_wconf 78' lang='lat' dir='ltr'>tiam</span> <span class='ocrx_word' id='word_1_108' title='bbox 293 2229 410 2309; x_wconf 89' lang='lat' dir='ltr'>iniret</span> <span class='ocrx_word' id='word_1_109' title='bbox 428 2229 566 2323; x_wconf 86' lang='lat' dir='ltr'>ullam,</span> <span class='ocrx_word' id='word_1_110' title='bbox 587 2229 784 2308; x_wconf 87' lang='lat' dir='ltr'>intellexit</span> <span class='ocrx_word' id='word_1_111' title='bbox 803 2257 868 2308; x_wconf 85' lang='lat' dir='ltr'>me</span> <span class='ocrx_word' id='word_1_112' title='bbox 887 2230 937 2309; x_wconf 86' lang='lat' dir='ltr'>ad</span> <span class='ocrx_word' id='word_1_113' title='bbox 954 2230 1185 2310; x_wconf 90' lang='lat' dir='ltr'>Clamorem</span> <span class='ocrx_word' id='word_1_114' title='bbox 1205 2231 1326 2336; x_wconf 91' lang='lat' dir='ltr'>Regii</span> 
     </span>
     <span class='ocr_line' id='line_1_16' title="bbox 124 2338 1325 2450; baseline 0 -29"><span class='ocrx_word' id='word_1_115' title='bbox 124 2348 126 2355; x_wconf 85' lang='lat'>&#39;</span> <span class='ocrx_word' id='word_1_116' title='bbox 173 2338 370 2447; x_wconf 80' lang='lat' dir='ltr'>sanguinis</span> <span class='ocrx_word' id='word_1_117' title='bbox 396 2340 620 2450; x_wconf 89' lang='lat' dir='ltr'>responsum</span> <span class='ocrx_word' id='word_1_118' title='bbox 647 2343 687 2419; x_wconf 90' lang='lat' dir='ltr'>in</span> <span class='ocrx_word' id='word_1_119' title='bbox 714 2341 750 2420; x_wconf 91' lang='lat' dir='ltr'>se</span> <span class='ocrx_word' id='word_1_120' title='bbox 780 2341 908 2435; x_wconf 91' lang='lat' dir='ltr'>edere,</span> <span class='ocrx_word' id='word_1_121' title='bbox 932 2341 1088 2422; x_wconf 86' lang='lat' dir='ltr'>aestuare</span> <span class='ocrx_word' id='word_1_122' title='bbox 1114 2368 1225 2420; x_wconf 88' lang='lat' dir='ltr'>mens</span> <span class='ocrx_word' id='word_1_123' title='bbox 1249 2339 1325 2421; x_wconf 93' lang='lat' dir='ltr'>bo-</span> 
     </span>
     <span class='ocr_line' id='line_1_17' title="bbox 124 2450 1322 2562; baseline 0.001 -31"><span class='ocrx_word' id='word_1_124' title='bbox 124 2464 126 2469; x_wconf 83' lang='lat'>&#39;</span> <span class='ocrx_word' id='word_1_125' title='bbox 173 2450 295 2531; x_wconf 89' lang='lat' dir='ltr'>minis</span> <span class='ocrx_word' id='word_1_126' title='bbox 319 2452 485 2548; x_wconf 85' lang='lat' dir='ltr'>conscia,</span> <span class='ocrx_word' id='word_1_127' title='bbox 505 2471 545 2533; x_wconf 92' lang='lat' dir='ltr'>et</span> <span class='ocrx_word' id='word_1_128' title='bbox 568 2480 705 2533; x_wconf 91' lang='lat' dir='ltr'>omnes</span> <span class='ocrx_word' id='word_1_129' title='bbox 732 2453 773 2531; x_wconf 93' lang='lat' dir='ltr'>in</span> <span class='ocrx_word' id='word_1_130' title='bbox 798 2473 926 2562; x_wconf 87' lang='lat' dir='ltr'>partes</span> <span class='ocrx_word' id='word_1_131' title='bbox 948 2454 1096 2534; x_wconf 89' lang='lat' dir='ltr'>versare</span> <span class='ocrx_word' id='word_1_132' title='bbox 1123 2453 1160 2532; x_wconf 85' lang='lat' dir='ltr'>se</span> <span class='ocrx_word' id='word_1_133' title='bbox 1186 2453 1322 2561; x_wconf 88' lang='lat' dir='ltr'>coepit.</span> 
     </span>
     <span class='ocr_line' id='line_1_18' title="bbox 175 2560 1324 2675; baseline 0.001 -32"><span class='ocrx_word' id='word_1_134' title='bbox 175 2560 379 2645; x_wconf 81' lang='lat' dir='ltr'>lateralia</span> <span class='ocrx_word' id='word_1_135' title='bbox 398 2566 627 2675; x_wconf 87' lang='lat' dir='ltr'>trepidantis</span> <span class='ocrx_word' id='word_1_136' title='bbox 655 2584 772 2673; x_wconf 92' lang='lat' dir='ltr'>atque</span> <span class='ocrx_word' id='word_1_137' title='bbox 794 2565 997 2673; x_wconf 85' lang='lat' dir='ltr'>degeneris</span> <span class='ocrx_word' id='word_1_138' title='bbox 1016 2566 1139 2646; x_wconf 91' lang='lat' dir='ltr'>animi</span> <span class='ocrx_word' id='word_1_139' title='bbox 1165 2565 1324 2659; x_wconf 89' lang='lat' dir='ltr'>indicia,</span> 
     </span>
     <span class='ocr_line' id='line_1_19' title="bbox 173 2673 1324 2786; baseline 0.001 -32"><span class='ocrx_word' id='word_1_140' title='bbox 173 2674 247 2785; x_wconf 91' lang='lat' dir='ltr'>qui</span> <span class='ocrx_word' id='word_1_141' title='bbox 264 2673 445 2757; x_wconf 89' lang='lat' dir='ltr'>libellum</span> <span class='ocrx_word' id='word_1_142' title='bbox 456 2677 578 2758; x_wconf 76' lang='lat' dir='ltr'>modo</span> <span class='ocrx_word' id='word_1_143' title='bbox 589 2677 783 2757; x_wconf 89' lang='lat' dir='ltr'>famosum</span> <span class='ocrx_word' id='word_1_144' title='bbox 805 2697 887 2757; x_wconf 86' lang='lat' dir='ltr'>tam</span> <span class='ocrx_word' id='word_1_145' title='bbox 900 2676 1059 2786; x_wconf 72' lang='lat' dir='ltr'>cupide,</span> <span class='ocrx_word' id='word_1_146' title='bbox 1072 2674 1231 2785; x_wconf 76' lang='lat' dir='ltr'>timque</span> <span class='ocrx_word' id='word_1_147' title='bbox 1244 2676 1324 2755; x_wconf 92' lang='lat' dir='ltr'>im-</span> 
     </span>
     <span class='ocr_line' id='line_1_20' title="bbox 172 2784 1324 2979; baseline 0 -112"><span class='ocrx_word' id='word_1_148' title='bbox 172 2784 297 2979; x_wconf 67' lang='lat' dir='ltr'>prpbe</span> <span class='ocrx_word' id='word_1_149' title='bbox 316 2788 357 2868; x_wconf 94' lang='lat' dir='ltr'>in</span> <span class='ocrx_word' id='word_1_150' title='bbox 376 2790 472 2870; x_wconf 84' lang='lat' dir='ltr'>alios</span> <span class='ocrx_word' id='word_1_151' title='bbox 490 2790 680 2882; x_wconf 84' lang='lat' dir='ltr'>edidisset,</span> <span class='ocrx_word' id='word_1_152' title='bbox 701 2789 883 2869; x_wconf 90' lang='lat' dir='ltr'>libellum</span> <span class='ocrx_word' id='word_1_153' title='bbox 911 2816 1015 2869; x_wconf 90' lang='lat' dir='ltr'>nune</span> <span class='ocrx_word' id='word_1_154' title='bbox 1037 2790 1256 2898; x_wconf 87' lang='lat' dir='ltr'>supplicem</span> <span class='ocrx_word' id='word_1_155' title='bbox 1275 2789 1324 2867; x_wconf 86' lang='lat' dir='ltr'>ad</span> 
     </span>
    </p>

    <p class='ocr_par' dir='ltr' id='par_1_4' title="bbox 168 2901 1323 4911">
     <span class='ocr_line' id='line_1_21' title="bbox 235 2901 1323 3010; baseline 0 -31"><span class='ocrx_word' id='word_1_156' title='bbox 235 2916 373 3006; x_wconf 84' lang='lat' dir='ltr'>gatum</span> <span class='ocrx_word' id='word_1_157' title='bbox 393 2902 690 2984; x_wconf 79' lang='lat' dir='ltr'>Foederatorum</span> <span class='ocrx_word' id='word_1_158' title='bbox 708 2901 910 2981; x_wconf 90' lang='lat' dir='ltr'>Ordinum</span> <span class='ocrx_word' id='word_1_159' title='bbox 928 2902 1033 3010; x_wconf 94' lang='lat' dir='ltr'>apud</span> <span class='ocrx_word' id='word_1_160' title='bbox 1053 2929 1123 2983; x_wconf 88' lang='lat' dir='ltr'>nos</span> <span class='ocrx_word' id='word_1_161' title='bbox 1142 2929 1323 2981; x_wconf 85' lang='lat' dir='ltr'>commo·</span> 
     </span>
     <span class='ocr_line' id='line_1_22' title="bbox 173 3012 1321 3121; baseline 0.002 -30"><span class='ocrx_word' id='word_1_162' title='bbox 173 3029 327 3091; x_wconf 83' lang='lat' dir='ltr'>tantem</span> <span class='ocrx_word' id='word_1_163' title='bbox 348 3012 493 3107; x_wconf 87' lang='lat' dir='ltr'>scribit,</span> <span class='ocrx_word' id='word_1_164' title='bbox 506 3040 618 3094; x_wconf 87' lang='lat' dir='ltr'>orans</span> <span class='ocrx_word' id='word_1_165' title='bbox 639 3034 755 3121; x_wconf 89' lang='lat' dir='ltr'>atque</span> <span class='ocrx_word' id='word_1_166' title='bbox 775 3012 991 3108; x_wconf 85' lang='lat' dir='ltr'>obsecrans,</span> <span class='ocrx_word' id='word_1_167' title='bbox 1007 3015 1068 3094; x_wconf 92' lang='lat' dir='ltr'>uti</span> <span class='ocrx_word' id='word_1_168' title='bbox 1085 3041 1180 3093; x_wconf 89' lang='lat' dir='ltr'>cum</span> <span class='ocrx_word' id='word_1_169' title='bbox 1195 3013 1321 3093; x_wconf 88' lang='lat' dir='ltr'>Dom.</span> 
     </span>
     <span class='ocr_line' id='line_1_23' title="bbox 174 3120 1321 3237; baseline 0.003 -35"><span class='ocrx_word' id='word_1_170' title='bbox 174 3120 400 3204; x_wconf 68' lang='lat' dir='ltr'>Proteitore</span> <span class='ocrx_word' id='word_1_171' title='bbox 427 3153 548 3235; x_wconf 91' lang='lat' dir='ltr'>quam</span> <span class='ocrx_word' id='word_1_172' title='bbox 574 3125 842 3206; x_wconf 71' lang='lat' dir='ltr'>instantissime</span> <span class='ocrx_word' id='word_1_173' title='bbox 867 3126 916 3205; x_wconf 90' lang='lat' dir='ltr'>de</span> <span class='ocrx_word' id='word_1_174' title='bbox 937 3126 1213 3237; x_wconf 88' lang='lat' dir='ltr'>supprimenda</span> <span class='ocrx_word' id='word_1_175' title='bbox 1234 3153 1321 3205; x_wconf 88' lang='lat' dir='ltr'>mea</span> 
     </span>
     <span class='ocr_line' id='line_1_24' title="bbox 172 3232 1323 3346; baseline 0.002 -32"><span class='ocrx_word' id='word_1_176' title='bbox 172 3232 412 3316; x_wconf 87' lang='lat' dir='ltr'>Defenfione</span> <span class='ocrx_word' id='word_1_177' title='bbox 436 3255 580 3346; x_wconf 88' lang='lat' dir='ltr'>ageret.</span> <span class='ocrx_word' id='word_1_178' title='bbox 640 3235 749 3317; x_wconf 80' lang='lat' dir='ltr'>Ciim</span> <span class='ocrx_word' id='word_1_179' title='bbox 774 3235 997 3346; x_wconf 91' lang='lat' dir='ltr'>responsum</span> <span class='ocrx_word' id='word_1_180' title='bbox 1023 3237 1166 3317; x_wconf 82' lang='lat' dir='ltr'>tulisset</span> <span class='ocrx_word' id='word_1_181' title='bbox 1193 3237 1323 3346; x_wconf 92' lang='lat' dir='ltr'>impe·</span> 
     </span>
     <span class='ocr_line' id='line_1_25' title="bbox 174 3347 1322 3459; baseline 0 -32"><span class='ocrx_word' id='word_1_182' title='bbox 174 3347 270 3427; x_wconf 74' lang='lat' dir='ltr'>turi</span> <span class='ocrx_word' id='word_1_183' title='bbox 296 3376 545 3458; x_wconf 85' lang='lat' dir='ltr'>nequaquam</span> <span class='ocrx_word' id='word_1_184' title='bbox 573 3349 614 3428; x_wconf 92' lang='lat' dir='ltr'>id</span> <span class='ocrx_word' id='word_1_185' title='bbox 641 3349 760 3459; x_wconf 76' lang='lat' dir='ltr'>posse,</span> <span class='ocrx_word' id='word_1_186' title='bbox 781 3351 889 3429; x_wconf 85' lang='lat' dir='ltr'>exire</span> <span class='ocrx_word' id='word_1_187' title='bbox 916 3348 1175 3428; x_wconf 85' lang='lat' dir='ltr'>nihilominus</span> <span class='ocrx_word' id='word_1_188' title='bbox 1199 3349 1240 3426; x_wconf 93' lang='lat' dir='ltr'>in</span> <span class='ocrx_word' id='word_1_189' title='bbox 1259 3348 1322 3427; x_wconf 94' lang='lat' dir='ltr'>lu-</span> 
     </span>
     <span class='ocr_line' id='line_1_26' title="bbox 171 3458 1321 3570; baseline 0 -31"><span class='ocrx_word' id='word_1_190' title='bbox 171 3484 278 3553; x_wconf 85' lang='lat' dir='ltr'>cem,</span> <span class='ocrx_word' id='word_1_191' title='bbox 286 3459 450 3570; x_wconf 88' lang='lat' dir='ltr'>jamque</span> <span class='ocrx_word' id='word_1_192' title='bbox 462 3461 693 3569; x_wconf 85' lang='lat' dir='ltr'>adnavigare</span> <span class='ocrx_word' id='word_1_193' title='bbox 705 3460 1058 3541; x_wconf 88' lang='lat' dir='ltr'>animadversorem</span> <span class='ocrx_word' id='word_1_194' title='bbox 1069 3462 1109 3538; x_wconf 93' lang='lat' dir='ltr'>in</span> <span class='ocrx_word' id='word_1_195' title='bbox 1126 3458 1162 3538; x_wconf 90' lang='lat' dir='ltr'>se</span> <span class='ocrx_word' id='word_1_196' title='bbox 1175 3460 1321 3539; x_wconf 89' lang='lat' dir='ltr'>librum</span> 
     </span>
     <span class='ocr_line' id='line_1_27' title="bbox 171 3569 1322 3681; baseline -0.002 -30"><span class='ocrx_word' id='word_1_197' title='bbox 171 3596 268 3651; x_wconf 90' lang='lat' dir='ltr'>cum</span> <span class='ocrx_word' id='word_1_198' title='bbox 281 3569 482 3681; x_wconf 90' lang='lat' dir='ltr'>spicilegio</span> <span class='ocrx_word' id='word_1_199' title='bbox 493 3574 665 3681; x_wconf 90' lang='lat' dir='ltr'>quodam</span> <span class='ocrx_word' id='word_1_200' title='bbox 683 3593 722 3653; x_wconf 93' lang='lat' dir='ltr'>et</span> <span class='ocrx_word' id='word_1_201' title='bbox 736 3574 982 3653; x_wconf 63' lang='lat' dir='ltr'>collectaneis</span> <span class='ocrx_word' id='word_1_202' title='bbox 998 3571 1218 3652; x_wconf 86' lang='lat' dir='ltr'>facinorum</span> <span class='ocrx_word' id='word_1_203' title='bbox 1233 3570 1322 3650; x_wconf 93' lang='lat' dir='ltr'>suo-</span> 
     </span>
     <span class='ocr_line' id='line_1_28' title="bbox 171 3683 1322 3791; baseline 0.001 -30"><span class='ocrx_word' id='word_1_204' title='bbox 171 3708 281 3777; x_wconf 88' lang='lat' dir='ltr'>rum,</span> <span class='ocrx_word' id='word_1_205' title='bbox 292 3686 559 3779; x_wconf 88' lang='lat' dir='ltr'>conturbatus,</span> <span class='ocrx_word' id='word_1_206' title='bbox 572 3704 612 3764; x_wconf 90' lang='lat' dir='ltr'>et</span> <span class='ocrx_word' id='word_1_207' title='bbox 630 3683 1044 3779; x_wconf 86' lang='lat' dir='ltr'>huc,illuccurs1tans,</span> <span class='ocrx_word' id='word_1_208' title='bbox 1059 3683 1322 3791; x_wconf 88' lang='lat' dir='ltr'>circumspec-</span> 
     </span>
     <span class='ocr_line' id='line_1_29' title="bbox 171 3792 1322 3905; baseline 0.001 -31"><span class='ocrx_word' id='word_1_209' title='bbox 171 3792 338 3877; x_wconf 85' lang='lat' dir='ltr'>tiffimus</span> <span class='ocrx_word' id='word_1_210' title='bbox 362 3797 503 3877; x_wconf 91' lang='lat' dir='ltr'>deinde</span> <span class='ocrx_word' id='word_1_211' title='bbox 527 3792 664 3890; x_wconf 89' lang='lat' dir='ltr'>homo,</span> <span class='ocrx_word' id='word_1_212' title='bbox 686 3814 789 3876; x_wconf 89' lang='lat' dir='ltr'>totus</span> <span class='ocrx_word' id='word_1_213' title='bbox 816 3798 857 3876; x_wconf 91' lang='lat' dir='ltr'>in</span> <span class='ocrx_word' id='word_1_214' title='bbox 884 3796 1049 3905; x_wconf 91' lang='lat' dir='ltr'>speculis</span> <span class='ocrx_word' id='word_1_215' title='bbox 1077 3795 1157 3890; x_wconf 88' lang='lat' dir='ltr'>est;</span> <span class='ocrx_word' id='word_1_216' title='bbox 1187 3796 1322 3875; x_wconf 87' lang='lat' dir='ltr'>oculos</span> 
     </span>
     <span class='ocr_line' id='line_1_30' title="bbox 171 3902 1322 4002; baseline 0.001 -18"><span class='ocrx_word' id='word_1_217' title='bbox 171 3902 223 3985; x_wconf 81' lang='lat' dir='ltr'>ab</span> <span class='ocrx_word' id='word_1_218' title='bbox 241 3905 356 3989; x_wconf 90' lang='lat' dir='ltr'>litore</span> <span class='ocrx_word' id='word_1_219' title='bbox 375 3909 577 3989; x_wconf 89' lang='lat' dir='ltr'>dimovere</span> <span class='ocrx_word' id='word_1_220' title='bbox 596 3911 664 3988; x_wconf 90' lang='lat' dir='ltr'>vix</span> <span class='ocrx_word' id='word_1_221' title='bbox 683 3909 823 4002; x_wconf 82' lang='lat' dir='ltr'>audet3</span> <span class='ocrx_word' id='word_1_222' title='bbox 855 3908 925 3987; x_wconf 92' lang='lat' dir='ltr'>ubi</span> <span class='ocrx_word' id='word_1_223' title='bbox 953 3907 1145 3988; x_wconf 82' lang='lat' dir='ltr'>advenisse</span> <span class='ocrx_word' id='word_1_224' title='bbox 1172 3906 1322 3986; x_wconf 88' lang='lat' dir='ltr'>librum</span> 
     </span>
     <span class='ocr_line' id='line_1_31' title="bbox 170 4017 1320 4129; baseline -0.002 -30"><span class='ocrx_word' id='word_1_225' title='bbox 170 4020 373 4126; x_wconf 89' lang='lat' dir='ltr'>cognovit,</span> <span class='ocrx_word' id='word_1_226' title='bbox 393 4017 586 4129; x_wconf 85' lang='lat' dir='ltr'>susrmque</span> <span class='ocrx_word' id='word_1_227' title='bbox 608 4019 738 4099; x_wconf 87' lang='lat' dir='ltr'>statim</span> <span class='ocrx_word' id='word_1_228' title='bbox 758 4019 931 4100; x_wconf 91' lang='lat' dir='ltr'>indicem</span> <span class='ocrx_word' id='word_1_229' title='bbox 954 4020 1079 4112; x_wconf 90' lang='lat' dir='ltr'>senfit,</span> <span class='ocrx_word' id='word_1_230' title='bbox 1100 4046 1215 4128; x_wconf 89' lang='lat' dir='ltr'>prece</span> <span class='ocrx_word' id='word_1_231' title='bbox 1236 4019 1320 4098; x_wconf 91' lang='lat' dir='ltr'>nes·</span> 
     </span>
     <span class='ocr_line' id='line_1_32' title="bbox 170 4129 1321 4241; baseline 0.001 -32"><span class='ocrx_word' id='word_1_232' title='bbox 170 4129 236 4209; x_wconf 88' lang='lat' dir='ltr'>cio</span> <span class='ocrx_word' id='word_1_233' title='bbox 255 4158 305 4211; x_wconf 93' lang='lat' dir='ltr'>an</span> <span class='ocrx_word' id='word_1_234' title='bbox 323 4135 450 4241; x_wconf 88' lang='lat' dir='ltr'>pretio</span> <span class='ocrx_word' id='word_1_235' title='bbox 474 4151 611 4212; x_wconf 87' lang='lat' dir='ltr'>exorat</span> <span class='ocrx_word' id='word_1_236' title='bbox 638 4132 857 4226; x_wconf 88' lang='lat' dir='ltr'>librarium,</span> <span class='ocrx_word' id='word_1_237' title='bbox 885 4151 930 4211; x_wconf 94' lang='lat' dir='ltr'>ut</span> <span class='ocrx_word' id='word_1_238' title='bbox 955 4131 1188 4241; x_wconf 89' lang='lat' dir='ltr'>exemplum</span> <span class='ocrx_word' id='word_1_239' title='bbox 1215 4131 1321 4210; x_wconf 89' lang='lat' dir='ltr'>illius</span> 
     </span>
     <span class='ocr_line' id='line_1_33' title="bbox 170 4238 1321 4352; baseline 0.001 -31"><span class='ocrx_word' id='word_1_240' title='bbox 170 4238 264 4322; x_wconf 89' lang='lat' dir='ltr'>libri</span> <span class='ocrx_word' id='word_1_241' title='bbox 295 4245 425 4325; x_wconf 91' lang='lat' dir='ltr'>ullum</span> <span class='ocrx_word' id='word_1_242' title='bbox 463 4272 512 4323; x_wconf 85' lang='lat' dir='ltr'>ne</span> <span class='ocrx_word' id='word_1_243' title='bbox 546 4243 787 4337; x_wconf 88' lang='lat' dir='ltr'>divenderet,</span> <span class='ocrx_word' id='word_1_244' title='bbox 821 4244 947 4323; x_wconf 91' lang='lat' dir='ltr'>donec</span> <span class='ocrx_word' id='word_1_245' title='bbox 981 4244 1061 4352; x_wconf 91' lang='lat' dir='ltr'>ipse</span> <span class='ocrx_word' id='word_1_246' title='bbox 1095 4241 1321 4352; x_wconf 90' lang='lat' dir='ltr'>responsum</span> 
     </span>
     <span class='ocr_line' id='line_1_34' title="bbox 170 4348 1321 4451; baseline 0.003 -21"><span class='ocrx_word' id='word_1_247' title='bbox 170 4348 287 4435; x_wconf 89' lang='lat' dir='ltr'>suurn</span> <span class='ocrx_word' id='word_1_248' title='bbox 313 4355 558 4451; x_wconf 59' lang='lat' dir='ltr'>confecissem</span> <span class='ocrx_word' id='word_1_249' title='bbox 591 4357 631 4435; x_wconf 92' lang='lat' dir='ltr'>id</span> <span class='ocrx_word' id='word_1_250' title='bbox 662 4357 731 4449; x_wconf 89' lang='lat' dir='ltr'>est,</span> <span class='ocrx_word' id='word_1_251' title='bbox 761 4374 805 4435; x_wconf 91' lang='lat' dir='ltr'>ut</span> <span class='ocrx_word' id='word_1_252' title='bbox 830 4355 1060 4435; x_wconf 91' lang='lat' dir='ltr'>commercii</span> <span class='ocrx_word' id='word_1_253' title='bbox 1088 4353 1209 4434; x_wconf 91' lang='lat' dir='ltr'>fidem</span> <span class='ocrx_word' id='word_1_254' title='bbox 1234 4356 1321 4434; x_wconf 88' lang='lat' dir='ltr'>vio-</span> 
     </span>
     <span class='ocr_line' id='line_1_35' title="bbox 169 4464 1321 4578; baseline -0.002 -32"><span class='ocrx_word' id='word_1_255' title='bbox 169 4464 284 4562; x_wconf 79' lang='lat' dir='ltr'>laret,</span> <span class='ocrx_word' id='word_1_256' title='bbox 295 4466 422 4548; x_wconf 88' lang='lat' dir='ltr'>donec</span> <span class='ocrx_word' id='word_1_257' title='bbox 438 4467 630 4578; x_wconf 81' lang='lat' dir='ltr'>istefldem</span> <span class='ocrx_word' id='word_1_258' title='bbox 639 4466 828 4577; x_wconf 85' lang='lat' dir='ltr'>publicam</span> <span class='ocrx_word' id='word_1_259' title='bbox 846 4466 1056 4547; x_wconf 83' lang='lat' dir='ltr'>conflaffet.</span> <span class='ocrx_word' id='word_1_260' title='bbox 1117 4467 1176 4545; x_wconf 91' lang='lat' dir='ltr'>lta</span> <span class='ocrx_word' id='word_1_261' title='bbox 1195 4466 1321 4544; x_wconf 92' lang='lat' dir='ltr'>bonus</span> 
     </span>
     <span class='ocr_line' id='line_1_36' title="bbox 168 4575 1321 4690; baseline -0.004 -31"><span class='ocrx_word' id='word_1_262' title='bbox 168 4578 238 4659; x_wconf 78' lang='lat' dir='ltr'>ille</span> <span class='ocrx_word' id='word_1_263' title='bbox 250 4579 311 4659; x_wconf 88' lang='lat' dir='ltr'>vir</span> <span class='ocrx_word' id='word_1_264' title='bbox 325 4581 542 4688; x_wconf 89' lang='lat' dir='ltr'>quingenta</span> <span class='ocrx_word' id='word_1_265' title='bbox 560 4579 648 4688; x_wconf 87' lang='lat' dir='ltr'>plus</span> <span class='ocrx_word' id='word_1_266' title='bbox 665 4581 795 4659; x_wconf 90' lang='lat' dir='ltr'>minus</span> <span class='ocrx_word' id='word_1_267' title='bbox 811 4580 994 4690; x_wconf 86' lang='lat' dir='ltr'>exempla</span> <span class='ocrx_word' id='word_1_268' title='bbox 1010 4575 1112 4660; x_wconf 67' lang='lat' dir='ltr'>reae</span> <span class='ocrx_word' id='word_1_269' title='bbox 1127 4595 1168 4656; x_wconf 90' lang='lat' dir='ltr'>et</span> <span class='ocrx_word' id='word_1_270' title='bbox 1183 4603 1321 4657; x_wconf 89' lang='lat' dir='ltr'>emen-</span> 
     </span>
     <span class='ocr_line' id='line_1_37' title="bbox 169 4686 1319 4799; baseline -0.004 -29"><span class='ocrx_word' id='word_1_271' title='bbox 169 4686 261 4771; x_wconf 70' lang='lat' dir='ltr'>date</span> <span class='ocrx_word' id='word_1_272' title='bbox 281 4692 386 4772; x_wconf 81' lang='lat' dir='ltr'>edita</span> <span class='ocrx_word' id='word_1_273' title='bbox 411 4692 478 4773; x_wconf 90' lang='lat' dir='ltr'>suo</span> <span class='ocrx_word' id='word_1_274' title='bbox 503 4691 690 4772; x_wconf 86' lang='lat' dir='ltr'>arbitratu</span> <span class='ocrx_word' id='word_1_275' title='bbox 720 4691 880 4799; x_wconf 89' lang='lat' dir='ltr'>premit,</span> <span class='ocrx_word' id='word_1_276' title='bbox 900 4693 997 4771; x_wconf 90' lang='lat' dir='ltr'>dum</span> <span class='ocrx_word' id='word_1_277' title='bbox 1017 4690 1189 4769; x_wconf 88' lang='lat' dir='ltr'>Ulaccus</span> <span class='ocrx_word' id='word_1_278' title='bbox 1216 4687 1319 4766; x_wconf 91' lang='lat' dir='ltr'>inte-</span> 
     </span>
     <span class='ocr_line' id='line_1_38' title="bbox 170 4799 1320 4911; baseline -0.004 -29"><span class='ocrx_word' id='word_1_279' title='bbox 170 4802 248 4883; x_wconf 86' lang='lat' dir='ltr'>rim</span> <span class='ocrx_word' id='word_1_280' title='bbox 261 4799 455 4909; x_wconf 60' lang='lat' dir='ltr'>jacturam</span> <span class='ocrx_word' id='word_1_281' title='bbox 477 4805 646 4885; x_wconf 87' lang='lat' dir='ltr'>alienam</span> <span class='ocrx_word' id='word_1_282' title='bbox 667 4803 779 4885; x_wconf 90' lang='lat' dir='ltr'>suum</span> <span class='ocrx_word' id='word_1_283' title='bbox 795 4822 899 4883; x_wconf 87' lang='lat' dir='ltr'>ratus</span> <span class='ocrx_word' id='word_1_284' title='bbox 911 4802 1209 4911; x_wconf 88' lang='lat' dir='ltr'>compendium,</span> <span class='ocrx_word' id='word_1_285' title='bbox 1222 4818 1320 4907; x_wconf 91' lang='lat' dir='ltr'>quot</span> 
     </span>
    </p>
   </div>
   <div class='ocr_carea' id='block_1_3' title="bbox 0 108 1448 5204">
    <p class='ocr_par' dir='ltr' id='par_1_5' title="bbox 0 108 1448 5204">
     <span class='ocr_line' id='line_1_39' title="bbox 0 108 1448 5204; baseline 0 0"><span class='ocrx_word' id='word_1_286' title='bbox 0 108 1448 5204; x_wconf 95' lang='lat' dir='ltr'> </span> 
     </span>
    </p>
   </div>
  </div>
 </body>
</html>
