2888 5204
399 464 638 568 Defenfio.
678 474 797 605 Cap.
828 505 874 596 3.
943 485 945 489 ’
1161 509 1211 592 71

56 669 138 723 non
151 644 325 751 ignoras.
365 643 575 726 Sorbonae
563 644 685 754 rgitur
699 643 984 727 absorbendum
1000 662 1081 724 tam
1096 642 1215 725 scele-

59 775 194 836 ratum
210 758 425 865 tyrannidis
441 777 777 868 propugnatorem
794 758 1006 851 tradimus;
1039 776 1121 836 tarn
1136 757 1214 838 vile

56 869 326 979 mancipium,
340 871 516 952 nostrum
529 870 602 951 effe
617 870 827 964 nolumus;
859 898 929 978 qur
919 869 1109 979 populum
1128 871 1214 950 uni·

56 981 208 1089 versum
226 983 313 1090 regi
329 982 552 1092 igrnaosssmo
570 1000 702 1092 parem
721 982 786 1093 effi
805 1001 935 1091 negat
996 981 1153 1061 Frustra
1172 982 1214 1062 id

58 1093 100 1171 in
118 1095 272 1202 Papam
287 1096 496 1178 deonerare
512 1114 630 1205 atque
650 1094 855 1176 transferre
875 1094 1077 1174 contendis
1080 1093 1213 1202 ,quod

55 1231 199 1286 omnes
218 1204 349 1288 liberae
367 1208 557 1302 nationes,
577 1209 707 1288 omnis
728 1208 879 1314 religio,
900 1233 1038 1287 omnes
1060 1202 1213 1286 Ortho-

55 1316 155 1397 doxi
168 1317 240 1398 fibi
254 1317 457 1414 sumunt,
446 1348 488 1399 ιιι
503 1319 540 1400 se
552 1319 802 1431 suscipiunt
822 1321 928 1428 Papa
942 1318 1106 1449 quidem
1117 1345 1212 1399 curn

56 1428 255 1540 episcopis
278 1430 369 1527 suis,
388 1432 486 1512 dum
512 1433 654 1524 tenuis,
674 1453 714 1513 et
740 1431 994 1512 nullarum
958 1433 1104 1510 vrrium
1129 1451 1213 1511 erat

56 1560 136 1622 tuae
155 1538 224 1648 huj
228 1570 274 1622 us
290 1541 506 1625 soediffimae
524 1545 706 1625 dostrinae
725 1540 867 1624 author
886 1544 1037 1653 primus
1052 1543 1210 1623 extitit:

55 1654 106 1735 iis
125 1651 294 1736 demum
313 1656 461 1737 artibus
481 1683 641 1764 magnas
658 1684 768 1766 opes,
789 1682 1053 1763 magnamque
1072 1673 1212 1762 poten-

56 1767 156 1845 tiam
188 1767 382 1877 paulatim
411 1769 588 1878 adeptus,
615 1789 868 1875 tyrannorum
900 1767 979 1877 ipse
1012 1767 1212 1848 maximus

56 1878 193 1959 evasit
252 1881 366 1990 Qos
387 1900 520 1961 tamen
539 1907 677 1960 omnes
697 1880 766 1960 fibi
786 1877 1002 1959 firmissime
1018 1879 1211 1973 devinxit,

55 2018 156 2070 cum
179 1993 353 2101 populis,
382 2020 554 2102 quorum
586 1993 738 2072 animos
761 1992 915 2098 jamdiu
941 1991 1211 2101 superstitione

55 2102 258 2212 oppressos
270 2123 463 2200 tenuerat,
477 2105 666 2198 suaderet,
684 2132 761 2184 non
778 2104 881 2213 posse
895 2104 1053 2212 regibus
1068 2130 1212 2210 quam-

55 2214 157 2295 libet
171 2214 359 2324 peffimis,
373 2216 443 2296 nifi
458 2217 495 2297 se
512 2216 710 2297 fidelitatis
726 2217 1011 2296 sacramentum
1025 2214 1210 2308 solvente,

55 2354 278 2436 imperium
289 2331 482 2438 abrogari
514 2326 722 2409 Veritmtu
736 2328 937 2436 scriptores
955 2323 1212 2406 Orth'odoxos

56 2439 225 2533 devitas,
245 2458 287 2520 et
304 2469 402 2580 quae
409 2443 633 2522 communis
652 2460 692 2521 et
711 2438 906 2520 notiffima
930 2439 1104 2548 ipsorum
1128 2438 1212 2517 sen·

56 2552 183 2632 tentia
198 2551 269 2648 est,
283 2581 372 2634 eam
388 2583 410 2633 a
390 2550 533 2664 Papa
546 2553 808 2635 introdudam
820 2551 893 2632 effe
907 2551 1096 2645 causatus,
1109 2551 1212 2631 veri·

60 2681 186 2743 tatem
206 2665 249 2743 in
267 2666 457 2746 invidiam
477 2693 612 2776 rapere
628 2665 793 2745 conaris
852 2664 973 2773 Qrod
996 2662 1066 2742 nifi
1090 2661 1213 2743 astute

59 2772 225 2871 faceres,
237 2797 441 2888 appareret
453 2797 490 2859 te
503 2805 631 2886 neque
645 2779 849 2886 Papanum
861 2777 935 2856 effe
947 2803 1075 2884 neque
1089 2773 1213 2856 resor-

58 2907 233 2983 matum,
260 2889 325 2971 sed
352 2890 481 2971 nescio
509 2917 631 2999 quem
650 2888 957 2969 semibarbarum
977 2888 1211 2968 Edomaeum

60 2999 341 3081 Herodianum
344 3030 441 3111 qur
453 3023 661 3110 tyrannum
674 3028 874 3110 quemque
887 2998 1212 3080 rmmanrffimum

60 3130 254 3220 tanquam
266 3113 452 3194 Meffiam
467 3114 568 3194 coelo
584 3113 793 3194 demissum
807 3113 910 3192 colas
928 3134 1046 3220 atque
1061 3111 1210 3192 adores

60 3224 333 3335 Demonstraffe
351 3245 389 3307 tc
414 3225 491 3306 hoc
510 3226 608 3306 dicis
627 3254 673 3306 ex
691 3223 860 3305 domina
878 3241 1051 3333 patrum,
1069 3224 1212 3332 primo-

58 3364 147 3415 rum
162 3355 324 3445 quatuor
332 3337 573 3445 facularum,
593 3366 677 3447 quae
686 3337 774 3442 sola
790 3338 950 3444 evangel
946 3337 1005 3416 ica
1024 3354 1062 3416 et
1082 3336 1212 3441 Chrff·

56 3447 324 3554 trianacerfferi
337 3448 454 3531 debet.
501 3447 899 3530 Periithuichomini
915 3448 1065 3557 pudor;
1091 3474 1212 3554 quam

58 3558 190 3641 multa
204 3559 291 3641 sunt
302 3561 351 3642 ab
363 3562 442 3643 illis
456 3562 560 3642 dista
579 3581 695 3671 atque
712 3561 865 3670 scripta,
882 3588 968 3667 quae
981 3558 1160 3640 Christus
1172 3577 1213 3639 et

57 3671 246 3781 Apostoli
257 3701 387 3783 neque
399 3676 618 3756 docuerunt
631 3701 758 3780 neque
775 3673 1061 3811 approbarunt?
1090 3667 1212 3779 qudrn

58 3782 223 3865 multa
211 3811 253 3865 ru
271 3787 416 3894 quibus
442 3785 644 3867 reformati
667 3812 804 3865 omnes
827 3813 849 3863 a
876 3784 1050 3894 patribus
1070 3783 1212 3862 diffen-

59 3896 293 3977 tiuntiu
224 3897 337 4007 Qid
349 3918 483 3980 autem
497 3926 548 3978 ex
564 3899 736 4007 patribus
752 3895 1088 3977 demonstravisti?
1108 3924 1213 4002 reges

58 4005 173 4087 etiam
190 4009 345 4089 malos
322 4041 348 4090 a
367 4012 451 4092 Deo
469 4010 650 4120 constitui.
710 4011 744 4089 F
745 4037 790 4088 ac
809 4007 882 4087 esse
902 4008 1147 4102 constitutos,
1168 4027 1213 4088 ut

58 4120 329 4203 omuiaetiam
341 4116 1210 4231 malaquodammoddaDeoconstituuntur:

58 4258 119 4311 eos
128 4231 287 4341 proinde
298 4235 423 4316 Deum
428 4234 496 4342 so
492 4265 552 4315 um
477 4232 697 4315 habere
703 4232 883 4341 judicem,
890 4231 1017 4341 supra
1027 4232 1123 4340 leges
1133 4232 1212 4342 effe,

58 4344 169 4425 nulla
188 4343 268 4452 lege
278 4343 389 4457 scrip
389 4367 448 4442 ta,
466 4376 536 4427 non
547 4346 658 4456 scrip
658 4364 716 4439 ta,
741 4344 925 4440 naturali,
948 4373 1061 4455 neque
1083 4343 1214 4425 dnina

50 4454 151 4566 poffe
182 4485 264 4537 reos
281 4458 382 4567 steri
409 4458 437 4540 d
455 4458 634 4566 stabilitis,
664 4486 776 4566 neque
803 4455 908 4566 apud
920 4457 1091 4563 subditos
1107 4455 1209 4560 suos.

58 4569 228 4698 Qarei
247 4569 352 4653 certe
368 4572 476 4653 nulla
488 4571 553 4651 lex
569 4589 689 4664 vetat,
704 4569 811 4649 nulla
827 4595 938 4677 reges
948 4571 1128 4677 excipit:
1150 4594 1212 4646 ra·

55 4682 129 4776 tio,
144 4698 189 4763 et
196 4679 280 4788 jus,
294 4681 403 4767 etsta
418 4712 538 4766 omne
551 4682 835 4764 animadverti
825 4709 866 4762 ιιι
878 4707 1016 4763 omnes
1032 4679 1102 4787 qui
1118 4704 1213 4787 pec-
