2888 5204
284 580 287 594 ’
414 574 702 681 ·Defenlio
727 578 1004 679 Secunda.-
1208 593 1286 700 285

135 757 211 840 ubi
230 776 275 838 tu
293 748 418 840 totila
448 760 527 839 itiis
539 776 783 868 co-opertus,
797 756 1291 864 MinisterEvangelii‚non

137 869 264 952 modb
284 787 449 982 imponi
468 872 581 965 vivis,
601 870 666 950 sed
685 871 943 963 concionaris,
965 868 1027 950 sed
1047 870 1150 950 sacra
1170 875 1291 952 etiam

136 983 374 1077 ministeria,
406 983 561 1064 summo
590 1010 685 1062 cum
715 982 821 1062 illius
841 982 1027 1062 Ecclefiae
1061 985 1289 1095 opprobrio,

138 1095 461 1204 inquinatifiimis
492 1094 673 1175 manibus
703 1093 948 1203 conspurcas.
1009 1096 1093 1179 Cur
1124 1098 1217 1181 verb
1249 1105 1291 1182 in

139 1208 316 1301 ltaliam,
330 1209 480 1287 More?
509 1234 633 1286 novus
652 1206 769 1286 credo
790 1209 992 1299 Saturnus,
1009 1227 1054 1287 ut
1068 1210 1215 1292 alicubi
1233 1214 1291 1295 la-

138 1339 285 1413 terem,
301 1320 343 1398 in
363 1321 526 1400 Latium
546 1317 692 1398 scilicet
710 1316 885 1427 profugi.
944 1320 1098 1401 Verum
1117 1352 1192 1431 ego
1207 1327 1292 1406 lta-

138 1424 255 1525 liam,
278 1459 371 1525 non,
385 1450 429 1511 ut
449 1450 492 1511 tu
511 1448 650 1540 putam
671 1427 979 1509 facinorosorum
999 1433 1209 1517 latibulum
1223 1459 1291 1520 aut

137 1544 308 1653 asylum,
329 1542 392 1622 sed
410 1540 666 1623 humanitatis
685 1543 832 1650 potius,
846 1560 886 1622 et
898 1543 1078 1624 civilium
1093 1546 1290 1630 doetrina-

138 1656 429 1737 rumomnium
443 1652 658 1764 hospitium
671 1674 711 1734 et
722 1680 908 1733 noveram
923 1673 1095 1751 antea,et
1106 1681 1291 1772 expertus

140 1769 245 1849 sum.
304 1766 490 1873 Reversus
508 1765 644 1847 librum
662 1764 705 1846 de
723 1763 895 1864 dtbortiis
913 1765 1133 1879 conscripstt.
1194 1775 1291 1854 Non

137 1880 249 1963 aliud
270 1879 400 1989 scripsi
415 1899 532 1987 atque
552 1897 641 1958 ante
662 1905 727 1956 me
744 1879 917 1958 Bucerus
936 1879 985 1959 de
1005 1908 1126 1988 regno
1143 1882 1291 1968 Christi

139 1989 319 2102 copiose,
354 1993 388 2070 F
390 1993 501 2099 agius
535 1992 576 2070 in
616 1989 992 2085 Deuteronomium,
1032 1994 1215 2078 Erasmus
1250 2000 1292 2079 in

141 2103 371 2214 Epistolam'
383 2106 555 2212 primam
568 2101 616 2180 ad
630 2096 858 2182 Corinthios
874 2101 1005 2183 dedita
1017 2133 1135 2215 opera
1150 2109 1190 2188 in
1203 2112 1292 2190 An-

141 2217 305 2326 glorum
335 2217 518 2323 gratiam,
545 2215 691 2320 aliique
720 2214 840 2294 multi
863 2215 1105 2321 percelebres
1132 2222 1222 2316 viri,
1249 2224 1290 2303 in

140 2353 359 2410 commune
384 2326 536 2407 bonum
559 2325 803 2434 scripserunt.
865 2326 987 2436 Qod
1010 2328 1052 2406 in
1075 2329 1152 2410 illis
1173 2361 1291 2415 nemo

141 2437 412 2550 reprehendit,
427 2466 498 2518 cur
513 2439 554 2518 id
570 2437 671 2517 mihi
686 2465 765 2547 prae
782 2439 928 2517 caeteris
947 2437 1076 2518 fraudi
1094 2441 1199 2538 esset,
1212 2473 1292 2526 non

142 2551 352 2660 intelligo:
389 2550 534 2630 vellem
565 2547 642 2628 hoc
672 2546 842 2642 tantiam,
875 2548 1052 2631 sermone
1083 2560 1292 2639 vernaculo

142 2655 310 2745 menon
335 2661 531 2771 scripsisse,
557 2663 764 2741 nonenim
784 2663 826 2741 in
845 2689 979 2743 vernas
1005 2663 1167 2747 lettores
1192 2671 1291 2751 inci-

141 2776 297 2869 dissem,
312 2775 456 2882 quibus
476 2773 631 2853 solenne
644 2773 700 2854 est
719 2773 784 2852 sua
795 2772 897 2853 bona
913 2774 1106 2881 ignorare,
1122 2778 1292 2863 aliorum

143 2888 250 2969 mala
263 2887 438 2967 irridere.
479 2887 592 2965 Tene
603 2883 712 2979 verb,
728 2886 958 2994 turpiffime,
971 2887 1020 2967 de
1032 2890 1208 2973 divortiis
1220 2896 1293 2975 ob-

143 2999 329 3111 strepere,
344 2999 416 3108 qui
430 3026 525 3078 cum
542 2999 682 3078 Pontia
696 2998 837 3077 ancilla
857 2997 929 3076 tibi
947 2999 1185 3109 desponsata,
1205 3008 1293 3116 post

143 3111 327 3221 stuprum
346 3138 394 3190 eo
406 3110 570 3191 obtentu
583 3110 752 3203 illatum,
768 3109 1094 3192 immaniffimum
1111 3120 1293 3201 omnium

142 3222 363 3305 divortium
375 3219 521 3303 fecisti?
541 3225 595 3302 Et
611 3240 743 3302 tamen
758 3240 840 3302 erat
856 3222 922 3302 illa
933 3223 1107 3304 Salmafii
1127 3225 1292 3326 famula,

143 3335 334 3442 Anglica,
360 3352 407 3414 ut
426 3332 550 3415 fertur
570 3332 747 3425 foemina,
775 3334 892 3440 regiis
916 3335 1090 3443 partibus
1113 3341 1292 3449 apprime

143 3446 294 3540 dedita,
318 3463 462 3554 nempe
485 3443 562 3526 hoc
587 3463 682 3539 erat,
708 3444 903 3540 scelerate,
927 3447 1113 3527 adamasti
1136 3470 1181 3530 ut
1207 3481 1293 3534 rem

145 3558 315 3668 regiam,
328 3557 519 3665 reliquisti
538 3575 584 3637 ut
598 3556 911 3666 rempublicam,
927 3557 1037 3664 cujus
1051 3579 1180 3641 tamen
1196 3592 1293 3646 con·

143 3670 347 3764 versionis,
370 3696 492 3778 quam
515 3668 635 3750 odisse
658 3670 755 3750 adeo
774 3669 832 3749 vis
857 3670 996 3764 videri,
1022 3672 1111 3752 vide
1137 3702 1186 3754 ne
1212 3678 1293 3787 ipse

142 3780 290 3864 author
309 3780 445 3875 fueris,
472 3782 562 3861 vide
581 3782 744 3888 inquam
763 3808 813 3860 ne
835 3781 1010 3862 subversa
1029 3781 1205 3867 funditus
1222 3791 1294 3870 do-

143 3894 365 3975 minatione
382 3893 614 3973 Salmaliana
631 3894 814 3973 Pontiam
834 3892 970 4001 ipsein
987 3922 1072 3974 rem
1091 3897 1293 4006 publicam

142 4007 398 4089 converteris.
460 4007 514 4083 Et
532 4003 610 4085 hoc
623 4005 744 4086 modo
760 4005 903 4085 multas
925 4025 965 4085 tu
979 4007 1144 4114 quidem
1159 4041 1237 4094 una
1253 4017 1294 4096 in

142 4116 245 4200 urbe
265 4144 326 4198 res
346 4117 538 4227 publicas,
563 4119 693 4225 regius
718 4117 825 4210 licet,
851 4136 919 4197 aut
943 4115 1115 4201 fundasse
1138 4124 1294 4224 diceris,

142 4248 216 4312 aut
232 4229 284 4311 ab
304 4229 389 4310 aliis
409 4228 588 4310 fundatas
608 4229 786 4308 minister
803 4228 985 4338 publicus
1010 4232 1292 4322 administrare.

144 4344 249 4425 Haec
266 4359 334 4422 tua
353 4340 441 4422 sunt
459 4341 641 4434 divortia,
667 4340 731 4420 seu
753 4341 891 4434 mavis,
918 4342 1164 4442 diverticula,
1191 4352 1295 4432 unde

143 4455 188 4535 in
207 4481 276 4535 me
297 4453 443 4535 Curius
467 4453 658 4562 prodiisti.
716 4452 782 4532 Ad
812 4454 1015 4533 mendacia
1044 4483 1149 4539 nunc
1178 4463 1293 4546 redis.

147 4567 246 4649 Cum
263 4564 308 4646 de
325 4567 425 4674 regis
442 4565 564 4674 capite
583 4565 682 4644 inter
704 4563 913 4669 conjuratos
936 4587 1129 4672 ageretur,
1139 4569 1296 4683 scrpstt

142 4678 285 4774 adeor,
303 4696 342 4760 et
358 4696 533 4760 nutantes
546 4677 584 4757 in
598 4677 732 4757 malam
743 4693 894 4785 partem
908 4675 1067 4786 impulit.
1098 4682 1189 4788 Ego
1201 4686 1296 4768 verb

143 4791 345 4902 nequead
363 4818 432 4873 eos
449 4788 595 4901 scripsi,
616 4815 743 4898 neque
763 4789 967 4899 impellere
987 4791 1189 4891 attinebat,
1204 4800 1296 4906 qui.
