796 1583
282 286 404 313 Defenfio.
424 289 483 322 Cap.
498 297 522 320 3.
667 292 694 319 ⁶9

115 331 172 358 gelii,
182 338 207 352 an
217 331 348 358 Juda'i'corum
357 332 448 360 pontifex
458 332 533 353 rituum
543 332 595 353 fuit?
610 332 653 352 Hic
663 337 693 352 ta-

115 366 163 379 men
173 360 226 387 (quae
235 360 327 380 omnium
337 360 377 381 fere
389 360 563 381 ecclefiasticorum
574 366 625 381 artes
638 360 691 387 sunt)

113 387 256 415 imperatorem
265 388 338 409 ceteris
347 388 452 409 dominum
461 389 563 416 imposuit,
573 393 596 409 ut
605 389 691 416 impetn-

113 416 161 436 toris
171 416 212 444 ipse
220 416 312 437 dominus
320 416 373 437 efflet.
402 417 442 437 His
449 417 515 444 imque
523 416 587 437 verbis
594 416 691 437 Theodo-

113 443 165 464 fium
180 449 275 471 tanquam
289 444 324 470 fibi
338 444 445 472 subjeetum
460 445 544 473 repulit;
566 444 691 472 Coaequalium

112 471 205 492 hom'num
214 479 233 492 et
245 472 345 500 irnperasor
353 477 372 493 et
381 473 520 500 corsa-vorum,-
536 480 584 493 unus
594 472 640 493 enim
651 480 690 492 om-

112 499 164 520 niun:
172 500 254 520 dontinus
262 508 298 521 rex
306 505 324 521 et
334 505 415 521 creator.
445 501 500 521 Belle
510 500 612 529 Ρποίεέῐὸς
642 507 689 521 uam

112 528 217 548 vei-intem
223 526 318 549 c'alliditas
324 533 344 549 et
350 529 449 549 affenutio
456 529 593 563 episcoporum
599 528 624 549 ob
632 535 690 548 cura-

113 555 149 580 vit,
159 563 205 576 eam
214 556 314 577 iracundia
323 557 388 581 unius,
400 562 420 577 et
430 562 452 577 ut
461 557 541 577 mollius
550 557 623 580 dicam.
635 556 690 577 zelus

112 583 224 604 ineruditus
238 585 320 612 protulit
334 585 354 605 in
369 585 442 605 lucem.
471 585 571 606 Ambrofii
586 584 690 612 imperitia

113 616 169 632 tuam
179 612 279 640 subjungis
289 613 420 640 ignorantiam
430 618 464 633 aut
473 612 559 637 haerefin,
572 613 607 640 qui
619 612 689 633 diserte

113 640 214 672 uegassub
221 641 284 661 veteri
281 640 357 668 faedere
364 641 599 697 remgfflunetffeccatorum
603 640 689 673 perfin-

110 668 505 725 {Jffi‘ssafss'ffyjssss'sseisszffl'63
512 668 690 720 ‘ffifflffl‘ss

112 724 150 744 nisi
157 731 193 752 per
200 724 315 752 sauguinem
322 725 368 752 agni
376 725 456 745 mactati
464 724 488 745 ab
494 725 551 745 initio
557 724 634 748 mundi.
641 731 689 752 pec-

112 757 156 772 cam
165 759 254 780 unquam
262 752 338 773 remissa
346 752 401 773 fuiffe
410 753 504 776 credunt;
516 758 535 773 te
545 759 619 773 novum
629 752 689 772 haere-

113 781 177 801 ticum
191 780 292 807 cujusnam
304 780 351 801 disci
366 781 410 801 ulus
422 781 445 801 fis
459 781 535 805 nescim
550 780 603 801 certe
617 780 689 800 summi

112 808 215 836 Theologi
225 809 330 837 discipulus
343 810 376 829 ile
388 816 450 836 quem
464 810 558 836 exagitas,
571 808 582 829 ὲ
592 816 638 829 vero
649 815 688 828 non

112 836 217 860 aben-avit,
229 844 276 857 curn
285 837 337 857 dixit
347 837 429 865 potuiss‘e
439 838 530 864 quemvis
540 837 551 857 ὲ
561 837 636 865 populo
646 837 689 865 pari

108 864 155 891 jure
168 872 216 885 cum
232 865 309 885 Davide
323 866 392 885 Deum
405 865 436 885 his
447 866 510 886 verbis
524 865 642 888 inclamasse,
654 864 691 885 tibi

106 893 148 919 soli
154 893 240 920 peccavi.
268 893 405 920 Augustinum
415 893 485 913 deinde
495 893 587 917 ostentas,
600 893 689 913 elericos

112 921 252 949 Hipponenses
264 921 329 942 nescio
342 928 391 949 quos
418 921 508 945 roducis;
524 928 570 941 nam
580 921 688 948 Augustini

112 956 158 976 quae
171 949 214 969 sunt
226 949 260 969 abs
273 954 292 970 te
307 949 364 969 allata
378 957 403 969 no
417 950 433 969 is
448 956 487 969 non
504 949 581 969 obsunt.
612 949 689 977 ani

113 977 169 997 enim
182 977 279 997 fateamur
288 976 335 997 cum
345 977 442 1005 propheta
452 977 543 1001 Daniele,
555 978 624 997 Deum
637 982 689 997 tem-

112 1012 161 1032 pora
174 1009 257 1029 mutare,
269 1012 329 1032 regna
338 1006 391 1029 dare,
403 1010 423 1025 et
435 1012 494 1032 regna
507 1005 591 1028 auferre,
605 1012 640 1033 per
652 1004 689 1025 ho-

112 1033 178 1053 mines
187 1038 260 1053 tamen.
290 1033 311 1053 Si
321 1040 405 1060 regnum
414 1034 470 1053 Deus
479 1033 529 1054 solus
540 1033 612 1053 Carolo
626 1033 687 1056 dedit,

113 1061 168 1081 idem
178 1061 250 1081 Carolo
263 1061 349 1085 abstulit,
362 1061 491 1089 optimatibus
506 1066 525 1081 et
538 1061 615 1088 Populo
627 1060 688 1080 dedit.

112 1089 134 1109 Si
144 1096 168 1109 ea
178 1089 202 1109 de
211 1089 267 1109 causti
276 1089 402 1117 praestandam
410 1089 482 1109 Can-olo
492 1089 625 1109 obedientiam
633 1088 689 1109 fuiss‘e

111 1117 171 1140 dicis,
177 1118 260 1137 eandem
269 1124 322 1137 nunc
330 1117 474 1144 magistratibus
485 1117 553 1138 nostris
563 1117 690 1145 praestandam

113 1145 152 1165 effe
161 1145 215 1166 dicas
223 1145 297 1166 necesse
306 1145 341 1165 est.
371 1146 427 1166 Nam
437 1146 505 1166 Deum
516 1150 535 1165 et
548 1145 618 1165 nostris
629 1145 690 1165 etiam

113 1173 259 1200 magistratibus
269 1173 352 1193 eandem
365 1173 437 1194 dedisse
451 1173 566 1201 potestatem
581 1180 641 1200 quam
657 1173 690 1193 dat

114 1201 173 1221 malis
189 1201 269 1228 regibus
290 1201 318 1221 ad
338 1201 445 1229 cqstiganda
464 1202 531 1229 papuli
549 1206 630 1229 peccata
649 1201 689 1228 ipse

112 1229 219 1253 mncedis3
234 1229 308 1249 nostros
322 1230 388 1257 itaque
402 1229 414 1249 ὲ
427 1230 472 1250 Deo
503 1229 561 1249 ariter
574 1229 690 1250 constitutos

112 1264 215 1278 removere
230 1257 241 1277 ὲ
257 1257 371 1284 magistratu
389 1264 448 1278 nemo
464 1264 487 1277 ve
513 1263 547 1277 tuo
560 1257 637 1284 judicio
655 1257 690 1277 nifi

112 1285 170 1306 Deus
184 1285 255 1313 potest.
284 1286 352 1312 Atque
365 1286 399 1309 ita,
413 1286 442 1305 uti
455 1285 510 1309 soles,
527 1290 584 1305 tuurn
596 1285 631 1305 tibi
650 1284 690 1312 ipse

112 1320 231 1333 mucronem
240 1314 261 1334 in
271 1318 333 1334 temet
342 1314 408 1337 vertis,
420 1318 465 1333 tuus
476 1313 511 1333 tibi
522 1313 561 1341 ipse
571 1313 647 1333 ficarius
657 1319 690 1336 es;

112 1348 178 1369 neque
192 1341 271 1368 injuria,
286 1348 333 1362 cum
348 1341 373 1362 εὸ
386 1341 517 1369 improbitatis
531 1346 552 1362 et
565 1340 698 1370 impudenti-a
