2888 5204
501 113 738 213 Defens10.
780 122 899 250 Cap.
931 154 986 242 7.·
1232 158 1307 236 133

143 308 182 367 et
197 291 491 370 Democratiae?
526 292 728 371 Credibile
743 291 830 371 sani
846 321 974 373 narras
989 323 998 371 :
1030 291 1167 401 quidsi
1182 292 1302 369 etiam

145 402 465 508 Gynaecocratiae,
496 402 565 481 sub
593 432 674 512 quo
703 404 803 482 statu
833 403 965 484 ferunt
998 423 1036 483 te
1071 403 1181 483 domi
1209 430 1302 511 pro-

141 511 367 621 pemodbm
380 514 578 623 vapulare,
607 542 736 594 annon
755 514 915 594 bearent
934 534 972 594 te
988 515 1127 623 Angli,
1150 516 1188 593 Ο
1211 540 1301 620 per-

141 624 277 733 pufilli
292 622 416 705 homo
428 627 579 705 animi?
600 625 664 704 sed
676 624 751 705 hac
763 625 902 705 frustra
917 626 1142 736 speraveris;
1164 623 1301 731 aequis-

143 735 241 815 time
262 737 371 815 enim
391 737 446 816 est
470 757 761 847 comparatum,
782 756 826 816 ut
846 739 917 846 qui
941 738 1187 846 tyrannidem
1208 735 1302 814 foris

142 848 352 956 imponere
381 849 567 928 omnibus
596 850 745 957 cupias,
777 848 856 957 ipse
886 850 996 928 domi
1031 870 1105 929 tuae
1137 848 1301 928 servitu·

142 976 229 1038 tem
253 957 391 1039 servias
418 960 695 1069 turpiffimam,
725 978 766 1039 et
794 959 962 1040 minime
985 961 1156 1040 virilem.
1216 961 1302 1039 Do-

141 1098 292 1151 ceamus
315 1088 353 1150 te
379 1086 535 1179 oportet,
561 1071 708 1179 inquis,
728 1072 819 1180 quid
843 1072 982 1151 nomine
997 1073 1129 1180 populi
1144 1068 1305 1174 intelligi

142 1181 315 1262 uelimus.
376 1181 579 1262 Permulta
598 1181 699 1276 sunt,
720 1212 807 1291 quae
826 1201 864 1262 te
880 1183 1014 1263 doceri
1028 1185 1161 1292 potius
1180 1208 1300 1291 opor·

143 1312 271 1388 teret;
303 1320 395 1374 nam
415 1322 501 1401 quae
518 1313 556 1372 te
579 1290 742 1404 propibs
767 1297 981 1400 attingunt,
1001 1295 1144 1374 videris
1164 1321 1209 1372 ea
1227 1319 1299 1401 pe-

142 1402 253 1485 nitbs
271 1402 434 1498 nescire,
454 1424 495 1485 et
513 1424 651 1515 praeter
674 1407 847 1485 literulas
868 1403 969 1484 nihil
994 1432 1170 1513 unquam
1195 1402 1300 1483 didi·

141 1515 251 1609 ciffe,
267 1542 318 1594 ne
332 1516 533 1625 percipere
549 1517 713 1625 quidem
728 1516 906 1627 potuiffe.
949 1518 1043 1597 Hoc
1062 1538 1193 1597 tamen
1205 1514 1300 1594 scire

144 1647 183 1707 tc
229 1645 332 1719 utas,
349 1652 419 1707 nos
434 1627 574 1737 populi
588 1629 749 1709 nomine
763 1628 922 1737 plebem
938 1626 1064 1708 solbm
1080 1627 1301 1734 intelligere

143 1655 256 1848 qubd
273 1737 490 1847 optimatum
511 1736 699 1849 constffirm
716 1739 993 1846 abrogavimur.
1051 1742 1108 1820 At
1126 1739 1226 1818 illud
1246 1737 1301 1816 est

143 1850 279 1960 ipsum
304 1848 412 1958 quod
435 1850 675 1930 demonstrat
697 1878 766 1931 nos
792 1852 933 1960 populi
951 1852 1143 1930 vocabulo
1163 1875 1300 1928 omnes

143 1959 310 2053 ordinis,
320 1959 586 2068 cujuscunque
598 1962 702 2041 cives
714 1959 1070 2072 comprehendere;
1092 1962 1162 2069 qui
1178 1987 1298 2039 unam

145 2071 426 2155 tantummodi>
444 2073 585 2181 populi
606 2075 759 2153 curiam
782 2074 1005 2183 supremam
1026 2073 1298 2165 stabilivimus,

145 2184 188 2263 in
207 2209 289 2291 qua
306 2184 428 2263 etiam
452 2210 646 2291 proceres,
666 2203 711 2264 ut
736 2212 824 2294 pars
851 2186 1006 2295 populi,
1027 2212 1105 2264 non
1131 2212 1204 2297 pro
1224 2182 1299 2262 sese

146 2294 317 2402 quidem
335 2293 440 2388 solis,
460 2312 504 2373 ut
522 2314 647 2389 antea,
668 2296 732 2375 sed
752 2324 823 2403 pro
843 2297 889 2375 iis
910 2298 1152 2405 municipiis,
1169 2293 1191 2374 ὲ
1208 2296 1300 2403 qui-

145 2406 222 2486 bus
236 2405 352 2486 electi
367 2403 529 2499 fuerint,
545 2405 728 2515 suffragia
743 2406 896 2486 ferendi
910 2407 1138 2515 legitimum
1147 2408 1211 2514 jus
1228 2406 1301 2486 ha·

144 2518 257 2599 bent.
317 2514 518 2596 Inveheris
548 2518 689 2597 deinde
714 2520 756 2597 in
784 2518 959 2627 plebem,
987 2549 1121 2600 coecam
1145 2548 1233 2598 eam
1260 2535 1301 2597 et

145 2627 315 2723 brutam,
334 2628 487 2735 regendi
499 2646 621 2709 artem
643 2658 713 2710 non
736 2629 884 2724 habere,
904 2630 964 2710 nil
977 2630 1083 2741 plebe
1105 2631 1300 2736 ventostus,

147 2739 302 2833 vanius,
327 2740 461 2833 levius,
489 2739 656 2821 mobilius
667 2771 682 2832 ,·
725 2742 980 2822 Conveniunt
1009 2745 1119 2823 inte
1150 2738 1301 2850 optime

147 2850 233 2933 haec
254 2852 413 2946 omnia;
443 2870 483 2931 et
508 2851 557 2931 de
584 2851 721 2931 infima
742 2854 906 2960 quidem
934 2853 1050 2963 plebe
1070 2853 1158 2934 sunt
1179 2855 1300 2932 etiam

148 2990 255 3057 vera,
274 2963 324 3042 de
343 2962 474 3042 media
492 2988 570 3042 non
599 2965 721 3058 item;
751 2991 832 3071 quo
859 2992 909 3044 ex
935 2991 1101 3045 numero
1127 2966 1301 3076 pruden-

150 3073 287 3153 tissimi
313 3073 395 3153 fere
419 3074 506 3153 sunt
524 3074 614 3167 viri,
640 3094 680 3155 et
708 3103 842 3154 rerum
871 3077 1114 3183 peritiffimi:
1145 3096 1301 3155 caeteros

148 3183 246 3265 binc
265 3184 382 3264 luxus
402 3204 442 3265 et
460 3186 677 3294 opulentia,
698 3186 789 3265 inde
809 3186 955 3292 egestas
975 3206 1015 3267 et
1029 3188 1163 3296 inopia
1180 3184 1201 3265 ὲ
1221 3187 1302 3265 vir-

150 3315 238 3377 tute
268 3315 309 3376 et
337 3297 464 3377 civilis
495 3296 711 3407 prudentiae
739 3297 867 3378 studio
895 3299 1113 3409 plerunque
1148 3298 1300 3377 avertit.

150 3407 293 3488 Plures
311 3433 417 3486 nunc
435 3408 509 3488 effe
527 3407 644 3489 modos
669 3409 796 3490 afferis
816 3439 945 3517 regum
964 3409 1306 3517 constituendorum,

150 3519 220 3627 qui
233 3517 335 3598 nibil
340 3519 472 3628 populo
490 3517 618 3599 debent
636 3520 703 3600 boc
716 3521 867 3614 nomine,
886 3540 926 3600 et
940 3522 1139 3631 imprimis
1154 3523 1228 3616 illi,
1266 3522 1309 3601 ui

150 3658 308 3738 regnum
325 3630 461 3711 habent
479 3629 774 3712 haereditarium.
824 3634 881 3712 At
899 3631 992 3711 verb
1012 3632 1124 3712 servae
1139 3632 1211 3712 fint
1226 3553 1305 3713 illae

151 3740 330 3821 nationes
352 3759 522 3852 oportet,
546 3743 653 3822 etad
681 3742 906 3823 servitutem
933 3762 1042 3838 natae,
1071 3772 1158 3852 quae
1185 3747 1306 3825 talem

153 3851 366 3959 agnoscant
385 3853 608 3946 dominum,
628 3854 695 3934 cui
721 3853 759 3933 se
787 3854 865 3934 fine
891 3854 1034 3935 affensu
1054 3855 1122 3934 suo
1141 3853 1306 3936 haeredi-

153 3981 233 4044 tate
252 3962 447 4045 obveniffe
466 3964 649 4044 credantz
680 3992 753 4074 pro
776 3965 928 4046 civibus
947 3965 1067 4059 certe,
1098 3985 1167 4046 aut
1193 3968 1306 4157 infie-

154 4074 246 4155 nuis
260 4092 302 4154 et
312 4073 444 4156 liberis
463 4072 601 4155 haberi
620 4103 698 4156 non
716 4075 894 4185 pollunt3
925 4106 998 4158 nec
1018 4076 1216 4186 rempubl.
1265 4107 1308 4158 a·

151 4186 248 4265 bere
271 4185 396 4266 ullam
416 4184 639 4282 censendae;
669 4189 896 4295 quinimmo
915 4190 1017 4269 inter
1035 4187 1253 4282 facultates,
1269 4210 1310 4270 et

153 4296 402 4408 polleffiones
421 4297 528 4407 quafi
544 4295 629 4379 heri
650 4296 725 4393 sui,
743 4319 782 4380 et
808 4299 943 4382 herilis
962 4299 1036 4381 filii
1062 4301 1311 4385 numerandae
