2888 5204
141 608 220 690 3²2
414 569 505 662 Pro
518 546 717 702 'Populo
741 558 1010 696 Anglicano

140 743 470 853 expectationem,
494 742 604 852 spem
619 741 755 850 patria
773 740 823 821 de
842 758 881 821 te
900 738 1086 831 unicam3
1117 758 1273 815 reverere

142 858 274 936 vultus
292 876 331 936 et
349 856 510 935 vulnera
535 874 594 934 tot
617 851 782 934 fortium
801 853 992 944 virorum,
1014 865 1223 958 quotquot,
1243 862 1275 923 te

143 970 259 1060 duce,
286 996 358 1078 pro
386 968 564 1048 libertate
589 986 672 1046 tam
696 964 848 1046 strenue
871 962 1135 1054 decertirunt‚
1161 983 1279 1039 manes

146 1081 268 1162 etiam
282 1108 421 1160 eorum
438 1081 509 1188 qui
524 1082 565 1159 in
586 1079 667 1189 ipso
687 1079 901 1159 certamine
915 1074 1211 1156 occubuerunt:
1229 1097 1281 1150 re·

149 1220 282 1273 verere
308 1212 533 1273 exterarum
554 1219 713 1300 quoque
731 1192 938 1270 civitatum
962 1185 1284 1267 existimationem
1326 1238 1328 1243 -

149 1306 198 1385 de
213 1305 325 1385 nobis
341 1324 457 1412 atque
470 1304 684 1397 sermones;
706 1321 868 1411 quantas
880 1328 940 1380 res
953 1300 1002 1379 de
1013 1299 1195 1379 libertate
1209 1292 1285 1375 nos·
1326 1312 1328 1395 j

151 1436 223 1510 tra,
245 1437 328 1496 tam
346 1415 500 1497 fortiter
515 1436 639 1525 parta,
661 1417 710 1495 de
729 1416 857 1495 nostra
877 1410 1093 1522 republica,
1112 1429 1197 1491 tam
1210 1407 1287 1517 glo·

151 1529 251 1610 riose
267 1549 404 1609 exorta
423 1529 493 1608 fibi
512 1529 797 1639 polliceantur:
824 1555 911 1635 quae
933 1525 961 1604 fi
985 1544 1068 1604 tam
1090 1522 1176 1603 citt
1193 1518 1288 1630 quasi

150 1640 284 1722 aborta
306 1643 522 1734 evanuerit,
548 1638 725 1750 profesio
752 1637 852 1719 nihil
882 1664 990 1747 aeque
1016 1633 1288 1716 dedecorosum

151 1752 246 1834 huic
259 1755 384 1862 genti,
396 1772 512 1863 atque
528 1752 758 1862 pudendum
773 1751 916 1831 fuerit:
939 1747 1111 1859 teipsum
1132 1748 1289 1855 denique

153 1894 344 1958 reverere,
365 1884 410 1945 ut
428 1895 501 1976 pro
519 1865 598 1974 qui
616 1862 862 1972 adipiscendi
876 1861 1069 1955 libertate,
1082 1879 1145 1940 tot
1161 1883 1289 1939 aerum·
1326 1872 1328 1899 ²

153 2006 221 2058 nas
240 1977 448 2087 pertulisti,
468 1997 527 2058 tot
546 1977 720 2087 pericula
743 1975 885 2081 adiisti,
904 2001 993 2053 eam
1014 1973 1197 2082 adeptus,
1214 1970 1290 2050 vio·

154 2089 275 2170 latam
297 2117 368 2197 per
389 2108 443 2183 te,
468 2108 536 2168 aut
554 2089 635 2168 ulla
654 2090 695 2167 in
718 2108 827 2197 parte
852 2087 1110 2167 imminutam
1133 2085 1232 2176 aliis,
1249 2107 1289 2159 ne

155 2200 252 2282 sinas
271 2200 359 2281 effe.
419 2199 603 2282 Profesib
623 2220 667 2280 tu
687 2200 766 2310 ipse
786 2199 885 2280 liber
900 2199 978 2278 fine
996 2198 1111 2278 nobis
1130 2195 1206 2277 esse
1223 2218 1288 2274 non

156 2331 291 2422 potes:
319 2313 370 2392 fic
385 2316 493 2394 enim
513 2313 650 2393 naturai
669 2332 942 2422 comparatum
961 2310 1032 2403 est,
1052 2328 1098 2389 ut
1116 2309 1189 2418 qui
1204 2307 1289 2388 alio-

154 2453 246 2505 rum
264 2425 487 2506 libertatem
506 2444 687 2535 occupat,
712 2425 821 2505 suam
846 2424 925 2533 ipse
943 2423 1100 2533 'primus
1119 2420 1289 2502 omnium

156 2539 335 2630 amittat3
366 2537 482 2645 seque
506 2539 683 2647 primum
708 2537 891 2617 omnium
918 2534 1112 2641 intelligat
1140 2532 1287 2612 servire:

157 2669 275 2756 atque
299 2650 338 2727 id
362 2650 527 2759 quidem
546 2678 625 2728 non
653 2649 807 2756 injurii.
866 2645 1049 2739 atvero,
1070 2646 1097 2724 fi
1118 2664 1289 2756 patronus

158 2762 237 2869 ipse
252 2760 455 2854 libertatis,
472 2781 512 2841 et
526 2762 632 2870 quafi
649 2763 824 2841 tutelaris
840 2761 966 2864 Deus,
983 2757 1010 2837 fi
1027 2760 1074 2852 is,
1088 2786 1172 2866 quo
1186 2781 1289 2836 neruo

150 2871 305 2976 justior,
327 2900 444 2952 nemo
463 2873 628 2953 sanctior
652 2873 708 2953 est
732 2871 903 2964 habitus,
930 2899 1048 2951 nemo
1068 2873 1130 2949 vir
1148 2869 1289 2957 melior,

158 3011 279 3091 quam
298 2985 511 3064 vindicavit
527 2985 622 3094 ipse,
646 3014 734 3064 earn
758 2979 1011 3094 postmodum
1039 2981 1233 3074 invaserit,
1258 2976 1289 3058 id

159 3123 237 3174 non
258 3095 329 3205 ipfi
353 3094 522 3190 tantbm,
548 3097 611 3177 sed
635 3097 818 3177 universae
833 3097 986 3176 virtutis
1003 3122 1048 3174 ac
1067 3095 1224 3203 pietatis
1241 3119 1290 3170 ra-

160 3208 260 3286 tioni
279 3209 542 3316 perniciosum
562 3238 607 3289 ac
623 3209 766 3289 lethale
785 3208 1077 3318 propemodum
1097 3208 1144 3287 fit
1159 3201 1291 3286 necesse

158 3319 241 3399 est:
263 3320 342 3429 ipsa
361 3319 555 3414 honestas,
571 3320 652 3430 ipsa
671 3324 793 3401 virtus
809 3319 1002 3401 decoxisse
1017 3319 1229 3411 videbitur,
1242 3342 1293 3395 re·

160 3431 318 3538 ligionis
334 3433 494 3542 angusta
513 3432 623 3526 fides,
640 3434 875 3514 existimatio
890 3432 1105 3541 perexigua
1122 3433 1163 3511 in
1178 3428 1292 3540 poste-

160 3572 251 3623 rum
279 3546 366 3639 erit,
391 3573 472 3652 quo
497 3547 653 3651 gravius
683 3548 819 3652 generi
841 3543 1016 3625 humano
1038 3545 1196 3641 vulnus,
1223 3536 1293 3651 post

162 3656 261 3735 illud
281 3657 459 3764 primum
488 3657 616 3764 infligi
643 3657 799 3737 nullum
823 3657 980 3766 poterit.
1045 3657 1162 3737 Onus
1190 3647 1292 3758 longl

160 3768 429 3875 graviffimum
452 3765 662 3878 suscepisti,
689 3769 796 3877 quod
827 3787 866 3847 te
889 3768 1043 3876 penitus
1070 3765 1292 3877 explorabit,

161 3898 291 3958 totum
312 3899 349 3959 te
370 3899 486 3988 atque
504 3883 693 3960 intimum
717 3881 1019 3990 perscrutabitur
1042 3899 1163 3987 atque
1181 3879 1293 3960 osten·

161 3990 241 4083 det,
254 3991 352 4097 quid
364 3993 437 4071 tibi
452 3994 589 4085 animi,
606 3993 704 4100 quid
717 3995 864 4073 virium
879 3993 980 4086 infit,
993 3993 1089 4099 quid
1106 3990 1293 4102 ponderis

160 4101 316 4186 vivatne
338 4104 376 4181 in
399 4123 435 4183 te
451 4103 541 4184 vere
561 4105 628 4183 illa
648 4106 785 4213 pietas,
802 4105 911 4197 fides,
925 4105 1091 4209 justitia,
1107 4105 1295 4210 animique
1326 4080 1328 4129 ¹

163 4212 396 4307 moderatio,
417 4216 467 4294 ob
487 4245 583 4324 quas
603 4222 786 4297 evesium
804 4237 842 4297 te
866 4245 943 4326 prae
965 4218 1110 4296 caeteris
1131 4218 1214 4297 Dei
1235 4239 1296 4293 nu·

164 4325 272 4403 mine
288 4326 335 4404 ad
355 4323 456 4407 hanc
475 4327 672 4408 summam
688 4331 922 4438 dignitatem
942 4329 1156 4409 credimus.
1214 4327 1298 4406 Tres

166 4436 359 4517 Nationes
375 4440 623 4521 validiffimas
643 4443 802 4521 confilio
823 4469 974 4548 regere,
994 4440 1165 4551 populos
1185 4439 1232 4520 ab
1249 4437 1299 4516 in·

165 4547 307 4629 stitutis
328 4553 454 4658 pravis
474 4553 521 4631 ad
542 4552 764 4647 meliorem,
791 4551 911 4662 quim
933 4575 1021 4634 ante
1041 4551 1131 4646 hac,
1157 4552 1300 4660 frugem

164 4686 209 4739 ac
225 4661 471 4771 disciplinam
486 4665 586 4743 velle
602 4667 829 4773 perducere,
845 4666 1118 4747 remotiffimas
1133 4667 1175 4745 in
1190 4680 1302 4776 partu

166 4771 372 4853 sollicitam
392 4797 582 4870 mentem,
603 4777 935 4886 cogitationesque
961 4777 1199 4874 immittere,
1218 4770 1303 4882 vigi·
