2888 5204
153 587 235 693 364
399 570 625 672 Authoris
648 609 736 709 pro
759 572 804 673 se
831 562 1060 675 Defenfio

153 749 339 829 Graecum
356 767 518 858 etymon
538 750 651 831 Mori
666 752 721 832 ita
743 749 938 860 perpetuo
962 749 1074 831 salire
1099 774 1172 859 per
1192 773 1286 828 cere·

150 859 269 941 brum
282 861 357 940 tibi
371 861 481 953 solet,
498 880 543 941 ut
558 890 677 942 nemo
697 863 859 943 salutare
875 883 912 943 te
928 862 1045 973 poffit
1057 861 1192 959 More,
1204 860 1287 967 quin

151 988 195 1049 tu
210 972 323 1053 abeo
339 992 377 1053 te
395 972 559 1053 stultum
576 1003 597 1053 a
627 973 767 1083 pellari
782 973 936 1054 morose
951 973 1172 1055 admodum
1185 969 1289 1078 suspi-

151 1081 263 1162 citis.
320 1083 420 1164 Haec
439 1085 528 1165 sunt
545 1105 584 1165 et
599 1001 825 1191 hujusmodi
843 1113 930 1193 quae
950 1104 992 1166 tu
1011 1082 1170 1194 paginis
1188 1081 1289 1192 paulo

151 1189 283 1272 minius
302 1196 459 1302 viginti,
482 1193 578 1276 ciun
598 1195 823 1277 Authorem
848 1215 885 1277 te
905 1224 986 1278 non
1008 1196 1086 1277 effe
1107 1192 1290 1274 Clamoris

152 1305 275 1411 Regii
294 1306 457 1414 probare
477 1308 682 1400 debuisses,
706 1326 874 1416 nugatus
895 1336 961 1389 es:
991 1308 1035 1387 iu
1058 1307 1204 1416 quibus
1227 1304 1290 1384 sru-

151 1417 253 1522 gulis
279 1417 306 1496 fi
329 1420 443 1499 otiari
468 1438 601 1499 tecum
626 1417 775 1501 diutihs
800 1440 840 1500 et
865 1419 1010 1500 morari
1028 1418 1195 1512 vellem,
1222 1414 1290 1525 ipse

152 1528 294 1608 Morus
309 1528 442 1609 essem.
479 1532 603 1610 Nunc
618 1532 776 1611 tandem
790 1529 888 1611 serio
901 1532 1044 1611 videris
1055 1529 1160 1611 velle
1173 1554 1290 1636 agere.

153 1641 241 1719 Non
255 1669 432 1736 rumores,
446 1670 515 1721 non
528 1640 728 1746 sermones,
745 1641 820 1750 sed
833 1643 965 1723 literas
978 1641 1082 1751 testes
1099 1638 1220 1734 dabri,
1233 1634 1292 1718 al·

151 1752 323 1832 monitum
341 1782 397 1833 me
404 1752 523 1861 fuiffi
541 1782 586 1833 ne
604 1753 643 1833 in
661 1754 835 1834 hominem
853 1753 1038 1835 innoxium
1057 1753 1289 1833 incurrerem.

152 1863 302 1944 Literas
320 1891 415 1970 ergo
435 1864 700 1973 inspiciamus,
716 1893 812 1973 quas
831 1866 873 1945 in
889 1865 1069 1945 medium
1087 1863 1205 1944 affers
1221 1889 1290 1943 orr-

145 1973 294 2081 plffmi
307 1975 390 2054 viri
401 1978 459 2057 D.
474 1977 694 2086 Nieuportii
702 1975 897 2058 Foederati
907 1976 1183 2083 BelgiiLegati
1196 1972 1242 2054 ad
1259 1992 1291 2052 te

151 2083 327 2194 scriptam
346 2114 442 2194 quas
455 2107 568 2180 tu,ut
579 2089 749 2184 videtur,
761 2089 891 2169 literas
904 2115 982 2168 non
996 2088 1045 2167 ad
1058 2085 1290 2196 probationis
1321 2169 1324 2174 ,

151 2196 250 2291 vim,
267 2225 388 2305 quam
405 2198 559 2279 nullam
577 2197 738 2296 habent,
761 2199 823 2280 sed
843 2200 892 2280 ad
915 2198 1217 2280 ostentationem
1241 2194 1290 2274 so·

152 2303 238 2387 lhm
257 2308 440 2417 legendas
459 2311 705 2420 proposuisti.
765 2313 818 2407 Is,
838 2311 946 2422 quod
965 2310 1204 2418 fingularem
1220 2305 1293 2388 ur'ri

151 2420 355 2528 amplffmi
369 2419 658 2503 humanitatem
682 2423 867 2518 declarat,
888 2423 1004 2532 (quid
1028 2422 1138 2502 enim
1163 2423 1196 2502 is
1221 2444 1290 2498 noo

153 2533 227 2611 viri
246 2532 354 2626 boni,
375 2534 445 2642 qui
465 2535 524 2613 tui
546 2535 803 2642 indigniffimi
827 2536 942 2615 causi
964 2528 1170 2642 tantopere
1191 2530 1289 2611 labo-

154 2663 255 2723 raret
268 2645 301 2750 l)
323 2645 371 2723 ad
391 2647 516 2724 Dom.
537 2643 782 2726 Thurloium
802 2647 1062 2726 secretarium
1081 2645 1187 2738 adit;
1214 2662 1289 2721 tuas

151 2754 281 2835 literas
300 2759 582 2836 communicat.
630 2754 740 2838 Cum
759 2757 860 2837 nihil
879 2757 915 2837 se
931 2756 1120 2866 proficere
1134 2756 1289 2843 videret,

152 2867 200 2943 ad
221 2893 285 2944 me
304 2867 400 2946 duos
420 2870 523 2949 viros
545 2869 709 2963 nobiles,
733 2872 880 2949 amicos
907 2896 1030 2961 meos,
1053 2893 1148 2948 cum
1177 2865 1288 2946 literis

152 2976 290 3056 iisdem
320 2979 396 3058 tuis
425 2981 581 3087 allegat.
640 2982 752 3090 Qid
782 2981 869 3061 illi?
899 2980 1049 3059 Literas
1079 2978 1166 3058 illas
1186 2973 1287 3056 Mori

152 3090 328 3182 recitant,
350 3110 502 3197 rogant,
524 3113 563 3172 et
583 3093 780 3199 Legatum
797 3093 1085 3200 Nieuportium
1105 3089 1213 3169 idem
1232 3115 1287 3165 ro-

151 3225 242 3305 gare
262 3201 384 3294 aiunt,
402 3205 460 3281 uti
476 3204 597 3282 literis
614 3205 705 3297 tuis,
719 3203 861 3311 quibus
877 3200 1085 3282 authorem
1101 3199 1287 3280 Clamoris

151 3313 272 3419 Regii
302 3339 461 3419 negares
494 3333 531 3392 te
558 3314 662 3408 esses
682 3314 803 3395 fidem
833 3314 1034 3394 haberem.
1095 3307 1286 3420 Respondi

150 3452 228 3502 non
248 3423 321 3502 esse
340 3453 496 3531 aequum
516 3426 624 3533 quod
644 3427 905 3534 postularent;
928 3453 1063 3533 neque
1088 3425 1195 3503 tanti
1218 3421 1285 3500 fide

150 3536 333 3629 Morum,
350 3565 478 3643 neque
498 3537 538 3616 id
559 3536 643 3615 fieri
656 3538 789 3630 solere,
807 3557 851 3616 ut
867 3556 1001 3616 contra
1017 3534 1168 3616 samam
1182 3560 1284 3614 com·

150 3674 313 3726 munem
333 3666 373 3726 et
392 3676 477 3726 rem
496 3648 643 3756 alioqui
664 3648 750 3728 satis
777 3667 1020 3757 compertam
1046 3647 1222 3753 negantis
1243 3643 1284 3721 de

148 3759 184 3838 se
206 3759 262 3838 rei
282 3778 322 3838 et
341 3758 544 3838 adversarii
564 3759 652 3837 solis
669 3761 790 3840 literis
809 3760 1043 3840 crederetur.
1103 3758 1185 3851 Illi,
1201 3752 1284 3836 citm

147 3870 253 3949 aliud
274 3867 295 3949 ὲ
315 3889 450 3949 contra
470 3868 570 3949 nihil
589 3870 697 3978 quod
711 3872 886 3952 dicerent
900 3868 1102 3963 haberent,
1118 3891 1284 3978 pugnare

148 3983 340 4061 desmunt.
400 3982 441 4060 Si
469 3980 552 4060 haec
577 4009 655 4059 non
679 3985 818 4076 credis,
844 4000 926 4061 tute
951 4008 1133 4090 percurre
1154 3974 1284 4086 Legati

146 4095 290 4184 literas,
306 4093 450 4199 quibus
466 4120 541 4200 ego
560 4121 665 4172 nunc
685 4094 843 4173 testibus
863 4095 904 4172 in
925 4112 963 4172 te
983 4113 1086 4172 utor.
1126 4089 1284 4200 Optabat

146 4197 225 4284 eum
241 4231 311 4281 non
325 4202 524 4310 invulgare
538 4203 701 4284 librum:
731 4201 870 4284 verum
885 4205 926 4283 id
946 4206 1026 4283 mei
1039 4202 1139 4309 juris
1155 4221 1237 4282 erat
1252 4215 1286 4278 et

146 4314 358 4425 potestatis.
418 4317 481 4394 Ne
503 4314 576 4394 tibi
600 4318 698 4395 lanc
722 4315 898 4422 injuriam
911 4315 1099 4426 facerem,
1132 4307 1291 4394 utillud

144 4426 218 4509 tibi
237 4443 325 4535 opus
350 4426 596 4537 imputarem:
632 4429 689 4506 At
714 4426 864 4535 liquere
887 4426 971 4518 srbi,
997 4444 1065 4505 aut
1093 4425 1201 4505 unde
1227 4422 1289 4504 fibi

144 4542 312 4648 liqueret
324 4538 513 4643 injurium
529 4536 602 4616 tibi
616 4535 693 4616 hoc
712 4538 786 4617 esse
806 4535 913 4645 quhd
933 4534 1202 4647 imputaffem,
1217 4562 1291 4615 non

143 4649 288 4732 scribit.
348 4649 496 4728 Saltem
516 4668 560 4728 ut
579 4649 676 4728 nihil
688 4649 818 4728 vellem
842 4648 1012 4754 irfirere,
1037 4646 1135 4756 quod
1148 4667 1190 4730 te
1210 4667 1294 4729 tun·

137 4779 259 4872 geret.
321 4761 474 4872 Qidni
490 4758 582 4839 veri>
603 4781 640 4840 te
660 4778 837 4868 tangeret
852 4761 960 4868 quod
979 4761 1028 4840 ad
1050 4777 1086 4839 te
1108 4762 1296 4869 pertinet,
