2888 5204
531 514 758 616 Praesatio.
1194 551 1214 630 3

60 688 374 785 obmallationm,
401 691 552 802 quasin
570 720 630 770 res
644 692 803 799 ferrum
831 710 869 770 et
896 705 1105 800 apparatus
1133 685 1222 767 belli

60 803 158 882 nibil
172 804 305 913 potest,
329 804 402 884 alio
425 831 561 911 genere
583 832 772 884 armorum
794 802 1032 912 defenderem,
1064 829 1217 911 quorum

60 942 124 1022 ego
136 915 281 1024 quidem
287 916 474 1024 judicium
489 944 620 1024 magno
639 917 732 996 mibi
746 934 954 997 ornamento
968 914 1032 1024 efe
1044 912 1215 1022 exssirno,

60 1056 117 1105 me
129 1029 281 1134 scilicet
299 1058 422 1119 eorum
437 1027 644 1138 suffragiis
668 1057 749 1109 eum
773 1027 838 1137 effi?
884 1057 942 1108 ra
963 1030 1123 1118 coeteris,
1154 1025 1220 1134 qui

60 1141 158 1220 banc
170 1142 316 1250 patria
332 1140 638 1248 meaesortffmis
649 1141 845 1222 liberator'
865 1170 909 1220 us
922 1137 1215 1248 leaudpoeniten-

59 1251 143 1331 dam
154 1270 302 1362 operam
313 1282 507 1347 navarem,
527 1254 616 1363 quin
627 1269 664 1333 et
676 1254 748 1362 ipse
757 1253 806 1334 ab
819 1252 966 1333 ineunte
979 1250 1216 1358 adolescentia

61 1363 108 1443 iis
123 1393 230 1445 eram
244 1365 384 1473 studiis
404 1365 582 1472 incessus,
609 1395 693 1476 qua
711 1395 767 1446 me
784 1363 839 1446 ad
856 1365 992 1474 optima
1010 1391 1162 1475 quaque
1175 1364 1220 1468 st

59 1473 182 1556 minsis
181 1477 381 1586 foecunda,
391 1497 435 1558 at
445 1478 546 1558 certi
557 1477 745 1558 laudanda
755 1477 952 1559 incitatum
952 1475 1150 1582 serebant,
1160 1475 1217 1553 bis

60 1607 185 1669 tamen
213 1588 348 1699 dffstss
374 1590 605 1671 adminiculis
631 1589 685 1670 ad
713 1590 879 1671 diuinam
905 1607 1003 1700 opem
1031 1615 1214 1669 recurro:

60 1702 257 1812 Deumque
278 1704 369 1811 Opt.
390 1706 507 1785 Man.
527 1702 700 1783 donorum
727 1705 882 1783 omnium
910 1702 1126 1808 largitorem
1154 1699 1214 1779 in-

60 1839 166 1907 voco,
186 1832 232 1894 ut
249 1813 360 1923 qubm
372 1815 545 1925 prosper>
559 1844 738 1924 quamque
749 1816 813 1924 pic>
830 1814 946 1923 nostri
960 1813 1020 1894 illi
1034 1812 1088 1893 ad
1102 1811 1216 1892 liber-

60 1941 180 2006 tatem
198 1926 386 2034 clarffmi
398 1927 507 2008 duces
525 1928 643 2034 regios
647 1925 792 2036 fastus,
809 1946 846 2007 et
864 1925 1084 2007 dominatum
1102 1924 1214 2033 impo-

60 2055 198 2119 tentem
212 2040 292 2118 acie
295 2039 521 2148 fregerunt,
541 2038 623 2120 dein
639 2039 866 2120 memorabili
880 2037 1216 2147 tandemstcpplicio

59 2151 319 2245 extinxerunt,
333 2152 636 2261 quamquefacili
646 2153 785 2260 negotio
795 2169 914 2262 nuper
928 2179 1023 2232 unus
1036 2151 1079 2232 de
1090 2150 1216 2230 multis

61 2262 179 2372 ipsum
193 2291 316 2371 regem
334 2266 458 2346 ueluti
471 2265 520 2345 ab
533 2263 665 2372 inferis
678 2264 940 2372 restorgentem,
961 2265 1067 2372 inqm
1086 2263 1146 2342 illo
1166 2261 1214 2339 li-

61 2373 127 2456 bro
139 2375 390 2485 postmortem
408 2377 502 2459 edito
521 2382 627 2457 novi's
643 2376 822 2483 argutiis,
846 2393 883 2456 et
901 2375 1099 2455 verborum
1117 2375 1215 2453 leno·
1238 2440 1240 2445 .

62 2487 171 2567 ciniis
181 2489 318 2597 populo
325 2488 373 2595 se
390 2489 641 2570 venditantem
661 2487 858 2596 redarguit
875 2505 988 2597 atque
997 2483 1214 2595 summovit,

60 2616 139 2680 tam
159 2600 404 2708 egostliciter
421 2620 568 2711 tamque
582 2601 672 2683 verb
687 2599 942 2681 declamatoris
956 2597 1067 2704 hujus
1085 2597 1220 2678 exotici

55 2711 308 2820 petulantiam
322 2733 360 2796 et
373 2713 562 2795 mendacia
577 2711 745 2822 refellam
758 2730 870 2823 atque
883 2711 1088 2818 dfcutiam.
1141 2710 1220 2817 Qui

60 2823 270 2931 alienigena
287 2823 370 2906 cim
377 2827 452 2931 stt,
478 2845 516 2907 et
534 2824 705 2936 quamvis
723 2825 765 2906 id
780 2825 909 2906 millies
926 2841 1047 2931 neget,
1075 2824 1216 2903 Gram-

60 2936 237 3032 maticus,
249 2966 319 3019 non
330 2938 480 3047 edflipe
490 2955 680 3020 contentus
690 2966 800 3049 quam
811 2939 876 3018 boc
887 2936 1025 3016 nomine
1038 2953 1216 3029 meretur,

60 3075 220 3156 magnus
236 3049 375 3131 ardelio
389 3050 454 3159 effe
466 3050 623 3142 maluit;
642 3078 713 3130 non
731 3049 874 3161 reipub.
882 3047 1004 3154 folium
1023 3046 1233 3152 immfcere'

49 3159 240 3268 frausus,
247 3162 321 3269 sed
333 3162 490 3244 aliena:
520 3190 603 3242 cum
621 3190 734 3273 neque
752 3161 967 3270 modestiam,
987 3187 1099 3268 neque
1105 3157 1217 3265 judi·

61 3272 175 3368 cium,
190 3302 303 3382 neque
320 3274 428 3354 aliud
442 3275 635 3385 quicquam
648 3274 803 3383 afferat,
821 3272 918 3385 quod
932 3288 1116 3381 oporteret
1120 3270 1218 3377 stan>

63 3402 215 3466 tantum
238 3387 440 3481 arbitrum,
452 3405 605 3513 prater
629 3387 887 3493 arrogantiam
910 3384 1215 3466 Grammaticam.

67 3496 225 3603 Esstsne
243 3498 324 3578 bac
341 3527 425 3607 qua
432 3528 518 3604 jam
538 3498 679 3579 Latini
697 3495 1055 3608 utcunquefcrtpstt,
1061 3493 1105 3599 st
1120 3494 1219 3574 inter

64 3611 227 3715 Anglos,
239 3629 276 3690 et
290 3610 578 3719 mfirofermone
589 3608 811 3720 protulifet,
828 3610 897 3690 vix
911 3608 1008 3719 effes,
1024 3603 1143 3699 credo,
1155 3605 1221 3714 qui

62 3717 109 3800 dc
127 3720 287 3830 respotfio
305 3721 544 3803 laborandum
562 3720 851 3832 efejudicaret,·
858 3720 934 3827 fed
942 3718 1087 3830 partim
1105 3718 1217 3813 trita,

63 3850 105 3913 et
123 3833 412 3942 refutationibus
419 3833 504 3941 jam
522 3835 663 3914 crebris
681 3834 824 3943 explosa
843 3832 1060 3941 negligeret,
1074 3831 1220 3940 partim

64 3945 449 4054 tyrannicaetsadac
468 3947 629 4053 vs‘lffmo
639 3948 768 4055 quovis
777 3946 956 4055 mancipio
966 3941 1219 4050 vt'oeferenda,

66 4057 244 4166 quamvis
259 4059 400 4168 alioqui
414 4059 539 4166 regias
542 4059 700 4165 stcutus
717 4057 789 4168 ipfe
800 4076 947 4169 partes,
963 4055 1220 4162 aversaretur.

67 4170 190 4249 Nunc
210 4166 294 4250 caim
315 4169 417 4251 inter
439 4187 597 4265 exteros,
625 4189 663 4249 et
690 4170 897 4279 nostrarum
924 4197 1050 4249 rerum
1072 4164 1223 4277 penitis

67 4280 221 4388 ignaros
233 4281 377 4388 grandi
380 4283 527 4394 pagind
539 4281 744 4390 turgescat,
746 4283 843 4390 stent
855 4281 914 4362 illi
928 4280 1069 4393 quidem
1088 4281 1155 4388 qui
1164 4308 1224 4358 res

68 4392 211 4502 nostras
236 4411 435 4504 perperam
462 4394 692 4501 intelligunt,
728 4394 895 4476 edocendi
905 4423 918 4486 ,·
948 4394 1008 4474 bic
1026 4392 1099 4500 suo
1127 4419 1224 4471 more

70 4503 386 4617 (quandoquidem
403 4524 517 4588 tanta
533 4506 772 4588 maledicendi
790 4507 876 4587 aliis
898 4504 1044 4586 libidine
1052 4500 1221 4612 fertur)

53 4618 129 4723 suo
148 4617 299 4727 inquam
317 4648 415 4701 more
431 4648 478 4700 ac
491 4619 590 4700 modo
609 4619 683 4699 erit
696 4617 933 4700 trallandus.
994 4613 1226 4723 Qadstquis

63 4729 229 4811 miretur
237 4731 448 4840 sortimur
473 4731 560 4839 ergb
587 4750 664 4811 tam
691 4730 754 4813 diu
779 4730 959 4826 intuitum
984 4748 1021 4808 et
1041 4745 1225 4821 ovantem,
