2888 5204
155 166 230 270 176
431 152 523 243 Pro
550 146 735 281 Populo
762 147 1033 279 Anglicano

148 327 260 435 vulgi
275 328 477 437 opinione,
499 326 563 406 sed
581 354 632 405 ex
651 327 876 406 Aristotelis
894 329 1106 408 dostomm
1119 321 1273 404 omnium
1317 368 1321 413 ;

136 438 294 544 judicio
307 438 554 519 definiamus.
599 440 810 545 Tyrannus
821 438 960 547 estqui
975 439 1087 519 suam
1096 437 1274 523 duntaxat,
1316 480 1321 525 :

148 577 227 630 non
246 551 387 661 populi
407 553 621 631 utilitatem
640 549 800 660 spectat.
860 551 923 631 Ita
946 548 1177 631 Aristoteles
1192 541 1275 623 ethi·
1318 629 1321 637 ,

145 690 285 743 corum
315 664 487 756 decimo,
525 684 566 742 et
598 661 707 756 alibi,
739 665 794 743 ita
821 660 889 742 alii
920 662 1116 773 plerique.
1172 660 1275 736 Suam
1316 674 1321 751 ζ

146 775 358 855 commoda
376 804 426 855 an
444 776 584 885 populi
602 774 783 884 spestarit
802 775 986 870 Carolus,
1004 802 1135 885 psum
1151 766 1276 851 hands
1315 788 1321 863 ’ς

147 885 298 981 multis,
332 916 419 996 quae
453 886 731 967 tantummodi>
764 886 1041 997 perstringam,
1075 882 1277 967 testimonio
1315 946 1321 974 ι

148 1020 276 1079 erunt.
337 1001 446 1079 Cum
469 1000 565 1079 aulae
590 998 809 1108 sumptibus
835 1001 1127 1108 patrimonium
1149 1016 1190 1077 et
1204 1020 1285 1104 pro--
1316 1062 1321 1086 ,

147 1132 286 1191 ventus
307 1114 406 1220 regii
431 1140 509 1191 non
530 1112 764 1204 sufficerent,
784 1113 956 1220 imponit
977 1111 1201 1221 graviffima
1219 1132 1277 1216 po·
1317 1188 1321 1198 ,

148 1221 244 1331 pulo
258 1223 426 1318 tributa3
453 1225 574 1333 iisque
588 1223 804 1332 absumptis
817 1252 917 1303 nova
930 1224 1198 1331 excogitavit;
1215 1242 1277 1297 non

149 1353 194 1414 ut
207 1336 387 1446 rempub.
400 1336 463 1414 vel
476 1360 636 1443 augeret
646 1336 711 1415 vel
722 1356 893 1430 ornaret,
905 1336 966 1415 vel
978 1327 1278 1427 desendeoetsud

150 1465 193 1526 ut
217 1448 356 1558 populi
376 1476 456 1527 non
479 1451 595 1529 unius
617 1476 712 1556 opes
731 1449 794 1527 vel
812 1477 935 1528 unam
954 1449 995 1527 in
1013 1448 1186 1527 domum
1201 1468 1279 1525 cott-
1318 1462 1321 1467 '

148 1560 336 1663 gerendas
352 1558 536 1656 inferret3
563 1561 627 1640 vel
642 1588 721 1639 una
733 1561 775 1639 in
786 1559 909 1640 domo
924 1560 1137 1669 diffiparet.
1176 1556 1280 1637 Hunc

150 1670 190 1747 in
203 1672 369 1750 modum
386 1671 463 1750 fine
479 1672 565 1779 lege
582 1700 676 1751 cum
691 1673 912 1782 pervolaret
925 1673 1077 1765 omnia,
1088 1668 1199 1781 quod
1210 1663 1292 1747 uui·-

148 1808 241 1862 cum
254 1782 395 1862 sciebat
405 1783 475 1863 fibi
487 1784 606 1864 fraeno
619 1782 718 1878 fore,
733 1784 1027 1864 Parlamentum
1040 1802 1111 1863 aut
1123 1780 1282 1862 funditus

147 1893 317 1989 abolere,
330 1914 398 1975 aut
409 1916 670 1977 convocatum
681 1893 787 1975 haud
802 1897 935 2006 saepius
948 1924 1075 2004 quam
1089 1896 1134 1977 id
1146 1893 1220 1974 suis
1231 1917 1280 1971 ra·

149 2006 319 2089 tionibus
332 2009 581 2099 conduceret,
599 2008 667 2087 fibi
683 2007 752 2087 soli
769 2009 930 2088 reddere
946 2008 1171 2089 obnoxium
1181 2029 1282 2087 cona·

148 2138 209 2199 tus
237 2120 305 2200 est.
367 2125 461 2231 Qo
482 2118 599 2200 sraeno
619 2120 688 2199 fibi
708 2120 896 2215 detratto,
916 2121 1024 2201 aliud
1045 2119 1127 2230 ipse
1147 2113 1280 2227 populo

146 2229 480 2337 fraenuminjecit:
512 2234 735 2312 Germanos
746 2232 913 2340 equites,
928 2232 1080 2343 pedites
1092 2229 1281 2312 Hibernos

145 2371 216 2451 per
232 2343 361 2437 urbes,
374 2372 522 2453 perque
541 2341 688 2453 oppida
704 2345 811 2453 quali
830 2346 871 2424 in
891 2343 1086 2455 praefidiis,
1099 2371 1196 2422 cum
1208 2336 1281 2419 bel-

146 2455 231 2534 lum
250 2456 341 2534 esset
356 2455 526 2549 nullum,
539 2455 788 2536 collocandos
802 2458 978 2536 curavit:
1009 2453 1205 2564 parsrmne
1221 2447 1280 2531 tibi

145 2564 273 2645 adhuc
297 2585 479 2674 tyrannus
503 2569 684 2648 videtur?
745 2569 792 2647 In
815 2597 896 2677 quo
918 2569 1055 2662 etiam,
1077 2587 1122 2649 ut
1147 2569 1188 2646 in
1209 2562 1281 2643 aliis

144 2678 280 2758 multis
294 2677 422 2772 rebus,
437 2679 544 2787 quod
558 2680 670 2788 supra
682 2706 753 2788 per
764 2682 1008 2761 occasronem
1022 2681 1092 2761 abs
1106 2699 1146 2760 te
1161 2679 1279 2758 datam

145 2790 294 2870 ostendi
316 2790 561 2899 (quanquam
582 2812 623 2872 tu
646 2792 838 2872 Carolum
858 2793 1012 2873 Neroni
1027 2790 1281 2872 crudeliffimo

144 2900 312 2982 conferri
345 2902 574 3010 indignaris)
611 2905 765 2984 Neroni
796 2902 985 3014 perquam
1016 2904 1154 2984 fimilis
1185 2916 1280 2982 erat:

145 3041 236 3094 nam
257 3033 296 3094 et
317 3016 504 3095 Senatum
524 3015 591 3094 ille
611 3014 633 3095 ὲ
653 3015 854 3124 republici
875 3016 911 3096 se
931 3015 1178 3095 sublaturum
1203 3036 1282 3124 per·
1319 3108 1321 3115 Ι

143 3126 237 3237 saepe
254 3146 334 3207 erat
350 3128 534 3208 minatus.
595 3129 748 3207 interea
760 3127 1003 3208 conscientiis
1017 3124 1283 3236 religiosorum
1319 3124 1321 3143 '

145 3238 354 3320 hominum
372 3238 485 3348 supra
506 3239 671 3318 modurn
691 3241 833 3346 gravis,
847 3241 894 3320 ad
910 3241 1162 3320 caeremonias
1177 3231 1285 3346 quos·

143 3351 234 3431 dam
250 3370 290 3431 et
306 3349 583 3460 superstitiosos
599 3352 741 3445 cultus,
753 3380 852 3460 quos
872 3350 894 3431 ὲ
913 3352 1047 3431 medio
1058 3350 1238 3461 papifino
1249 3348 1286 3425 in

143 3463 358 3544 Ecclesiam
378 3462 599 3556 reduxerat,
611 3491 749 3543 omnes
767 3462 973 3572 adigebat3
1002 3481 1213 3544 renuentes
1227 3478 1289 3541 aut

142 3574 263 3653 exilio
275 3592 342 3654 aut
353 3601 506 3655 carcere
519 3574 733 3668 multabat;
756 3577 890 3656 Scotos
901 3574 960 3654 bis
971 3602 1060 3655 eam
1072 3573 1125 3655 ob
1136 3572 1289 3654 causam

46 3686 56 3709 ⁶
142 3684 246 3766 bello
272 3685 428 3767 adortus
455 3685 522 3764 est.
583 3686 678 3765 Huc
705 3685 825 3793 usque
852 3686 1020 3795 fimplici
1047 3685 1187 3766 saltem
1207 3686 1290 3765 vice

143 3823 288 3877 nomen
306 3799 456 3904 tyranni
469 3798 740 3877 commeruisse
753 3798 943 3878 videatur.
995 3799 1120 3881 Nunc
1135 3825 1210 3878 cur
1223 3796 1291 3876 ad·

135 3907 287 4015 jectum
308 3910 348 3988 in
368 3907 608 3989 accusatione
628 3910 837 4018 proditoris
858 3936 1003 3991 nomen
1023 3908 1145 3991 fuerit
1163 3932 1292 4018 expo·

141 4047 244 4101 nam.
295 4018 506 4099 Cumhuic
516 4020 763 4101 Parlamento
775 4018 909 4131 saepibs
920 4020 1124 4128 pollicitis,
1135 4020 1292 4113 edictis,

141 4132 451 4214 execrationibus
471 4132 743 4226 confirmasset,
764 4132 801 4213 se
820 4131 921 4212 nihil
945 4152 1081 4214 contra
1105 4132 1291 4243 rempub.

141 4245 287 4339 moliri,
307 4246 449 4325 eodem
470 4243 552 4351 ipso
573 4264 749 4354 tempore
769 4263 838 4333 aut
856 4243 1095 4355 papillarum
1115 4244 1293 4325 delettus

140 4360 181 4439 in
202 4356 396 4439 Hibernia
421 4353 604 4451 habebat,
634 4375 700 4437 aut
722 4357 860 4465 legatis
887 4356 935 4438 ad
964 4358 1123 4465 Regem
1149 4356 1294 4439 Daniae
