2888 5204
148 172 225 251 ¹30
422 135 513 225 Pro
540 129 724 262 Populo
751 127 1019 260 Anglicano

147 308 318 419 populus
338 325 420 386 tarn
440 336 577 415 regern
596 311 737 417 punire
762 336 891 400 reum,
918 305 1041 414 quam
1068 304 1273 413 popularem

144 419 431 526 magistratum,
452 438 520 499 aut
539 420 779 528 optimates?
831 421 900 498 An
924 436 1040 527 putas
1064 443 1196 496 omnes
1219 442 1275 523 po-

146 531 260 641 pulos
280 533 350 639 qui
370 529 439 608 sub
459 531 615 638 regibus
635 533 788 624 vivunt,
808 557 942 610 amore
968 528 1162 608 servitutis
1179 525 1277 634 usque
1334 574 1342 618 3

147 641 195 720 eb
215 641 433 752 deperiisse,
453 661 513 736 ut,
529 643 643 721 liberi
662 670 757 722 cum
771 641 906 735 effent,
921 640 1062 720 servire
1077 639 1279 729 maluerint,
1339 664 1342 671 ·

147 753 262 862 seque
275 781 427 847 omnes,
440 752 557 862 seque
571 773 672 834 totos
686 756 726 832 in
746 755 861 833 unius
876 753 1104 833 dominium
1115 752 1191 830 viri
1205 749 1282 858 sepe

149 865 260 959 mali,
282 864 377 974 saepe
398 864 506 945 stulti
524 869 579 946 ita
601 866 766 960 tradere,
794 884 841 945 ut
866 883 1001 945 contra
1027 858 1285 955 dominum,fi

148 976 226 1056 sors
242 976 355 1071 ferat,
376 978 701 1057 immaniffimum
721 977 877 1057 nullum
896 979 937 1056 in
958 976 1130 1084 legibus,
1151 973 1286 1055 nullum

149 1089 190 1166 in
218 1107 354 1168 natura
380 1088 460 1198 ipsa
484 1088 703 1199 praefidium
730 1089 874 1182 salutis,
895 1107 962 1168 aut
980 1085 1214 1196 perfugium
1232 1082 1288 1163 fibi

150 1199 422 1308 reliquerunt?
453 1229 524 1280 cur
539 1228 633 1307 ergo
649 1199 807 1309 regibus
826 1198 957 1309 primb
973 1225 1148 1306 regnum
1167 1197 1289 1276 ineun-

150 1311 254 1392 tibus
277 1312 520 1392 conditiones
547 1311 692 1407 ferunt,
719 1340 788 1391 cur
811 1311 917 1420 leges
943 1313 1066 1391 etiarn
1095 1310 1194 1389 dant
1216 1334 1290 1415 teg·

153 1424 286 1516 nandi,
306 1452 356 1503 an
376 1442 421 1502 ut
439 1422 568 1532 sperni
593 1423 629 1503 se
650 1423 698 1504 eb
724 1425 850 1530 magis
875 1442 991 1532 atque
1016 1422 1175 1501 irrideri
1197 1437 1292 1529 pate-

151 1537 311 1615 rentur?
341 1535 488 1615 adeone
520 1537 716 1645 populum
744 1534 969 1615 universum
996 1532 1033 1612 se
1060 1531 1242 1639 abjicere,-
1261 1527 1292 1607 se

151 1645 338 1739 deserere,
363 1646 432 1725 fibi
459 1647 599 1741 deesse,
626 1648 735 1757 spem
759 1675 922 1726 ornnem
944 1648 984 1724 in
1010 1671 1091 1724 uno
1116 1643 1292 1733 homine3

152 1785 278 1865 eoque
298 1755 381 1837 fere
401 1760 619 1853 vaniffimo,
639 1760 857 1839 collocare?
887 1787 957 1838 cur
975 1758 1075 1836 item
1085 1755 1224 1862 jurant
1243 1780 1295 1833 re·

152 1896 220 1975 ges
240 1866 341 1948 nihil
360 1867 398 1948 se
413 1892 548 1951 contra
564 1872 695 1978 legem
711 1870 910 1951 fasturos?
940 1887 984 1950 ut
998 1865 1149 1948 discant
1164 1890 1297 1974 nempe

153 1980 284 2060 miseri
304 1983 486 2063 mortales
503 1982 570 2062 suo
584 1984 761 2063 maximo
776 1983 896 2077 malo,
911 1982 998 2060 solis
1012 1980 1131 2059 licere
1149 1976 1298 2085 regibus
1340 2026 1342 2031 ,

153 2091 317 2201 impune
336 2095 522 2202 pejerare.
582 2095 631 2174 Id
650 2095 757 2202 quod
775 2091 856 2173 haec
882 2112 947 2173 tua
967 2089 1135 2173 nefanda
1151 2087 1301 2170 consec·

154 2206 249 2283 taria
268 2205 546 2285 demonstrant.
607 2206 653 2285 Si
665 2235 734 2284 rex
750 2207 816 2315 qui
826 2205 994 2312 eligitur,
1008 2203 1137 2313 aliqua
1152 2201 1303 2282 valcant

140 2315 379 2419 sacramento
392 2314 617 2424 pramfirit,
642 2347 725 2426 quae
743 2317 812 2422 nfi
827 2314 1055 2426 promiſsffi’t,
1062 2312 1227 2425 fortcrffl
1243 2337 1306 2392 nec

141 2423 316 2534 stemptus
335 2427 432 2535 ffb
438 2428 482 2532 st
484 2428 593 2535 stare
612 2429 704 2509 nolit
723 2429 924 2523 conventis,
944 2427 970 2509 ὰ
987 2428 1122 2536 populo
1136 2421 1310 2531 judicari

155 2566 224 2616 non
237 2538 365 2645 potest.
424 2539 502 2618 Imd
512 2541 556 2645 fi
564 2539 730 2648 subditis
740 2541 826 2648 suis
837 2539 1040 2648 juraverit
1063 2538 1102 2618 in
1125 2537 1308 2627 electione,

141 2646 189 2754 fi
201 2647 405 2753 stcundrlm
431 2651 526 2758 leges
549 2653 660 2759 regni
675 2651 863 2760 justitiam
889 2650 1250 2759 administraturum,
1274 2663 1311 2726 et

155 2759 225 2864 nfi
246 2759 288 2839 id
292 2762 443 2867 faciat,
464 2793 519 2842 eos
531 2763 769 2868 sacramento
778 2764 982 2872 fidelitatis
987 2763 1079 2869 jore
1088 2758 1249 2867 solutos,
1275 2775 1312 2836 et

141 2871 255 2976 fasso
274 2872 347 2979 ipso
365 2873 554 2954 abiturum
570 2875 635 2984 affl
645 2876 837 2983 potestate,
853 2874 879 2955 ἃ
898 2878 982 2956 Deo
1000 2901 1070 2954 non
1088 2871 1137 2952 ab
1154 2868 1312 2951 homini-

156 2982 224 3062 bus
235 3001 349 3092 prena
368 2985 406 3065 in
409 2987 610 3092 fallentem
633 2986 850 3096 exposcenda
871 2987 933 3094 est.
992 2983 1190 3093 Descripfi
1214 2981 1312 3075 haec,

157 3122 236 3174 non
256 3097 308 3175 ob
327 3096 577 3203 elegantiam,
598 3098 685 3178 sunt
705 3102 813 3178 enirn
829 3097 1094 3189 incultiffima,
1113 3121 1187 3174 nec
1202 3092 1313 3202 quod

158 3205 328 3318 amplilrs
349 3208 594 3289 refutationis
621 3210 835 3317 indigeant,
860 3211 1009 3290 etenim
1032 3206 1112 3316 ipsa
1138 3204 1178 3285 se
1203 3203 1314 3284 refu-

159 3338 256 3413 tant,
271 3319 307 3398 se
320 3321 552 3428 explodunt,
565 3320 601 3400 se
613 3322 800 3402 damnant
812 3317 1219 3430 apertiffimbfalfitate
1231 3314 1313 3410 sua,

158 3450 275 3537 atque
289 3434 547 3539 turpitudine;
570 3431 633 3511 sed
646 3431 693 3511 eb
704 3432 797 3527 feci,
810 3432 915 3513 utob
927 3432 1066 3512 merita
1077 3429 1314 3536 tuaegregia

157 3543 477 3622 commendarem
491 3563 528 3622 te
545 3544 725 3649 regibus:
757 3547 827 3651 qui
843 3546 945 3623 inter
963 3541 1093 3623 officia
1111 3539 1211 3625 aulae
1230 3557 1313 3619 tarn

158 3651 283 3729 multa
300 3653 474 3759 aliquem
490 3656 690 3759 dignitatis
707 3655 855 3749 locum,
871 3674 939 3734 aut
958 3680 1102 3734 munus
1122 3652 1315 3731 idoneum

160 3760 232 3841 tibi
244 3762 504 3871 prospiciant:
535 3794 629 3845 curn
645 3767 753 3845 enim
766 3767 834 3845 alii
846 3766 918 3845 fint
930 3763 952 3844 al
964 3763 1192 3854 rationibus
1209 3758 1315 3842 aliia

159 3874 326 3982 poculis,
348 3873 451 3953 aliia
470 3877 751 3985 voluptatibus,
766 3897 809 3958 tu
822 3880 869 3957 iis
888 3871 1205 3956 commodiffime
1225 3870 1315 3953 sane

160 3985 234 4064 eris
250 3981 272 4062 ὲ
288 3985 489 4093 perjuriis;
521 4007 564 4067 tu
585 3991 700 4095 regiae
719 4017 797 4069 non
810 3990 1023 4094 elegantia,
1041 4013 1134 4066 nam
1153 3983 1315 4065 inscitus

160 4092 333 4177 nimilrm
353 4126 408 4191 es,
424 4097 486 4177 sed
507 4099 677 4207 perfidiae
690 4100 865 4180 summus
881 4101 1024 4178 arbiter
1039 4099 1127 4177 eris.
1160 4094 1318 4176 Verum

159 4229 203 4290 ut
217 4209 413 4289 summam
433 4212 474 4289 in
496 4228 532 4289 te
553 4210 759 4291 stultitiam
777 4211 931 4306 summa
945 4208 1199 4319 improbitate
1215 4237 1314 4289 con-

148 4321 329 4427 junstam
349 4324 423 4404 else
442 4348 579 4402 omnes
600 4322 809 4417 fateantur,
826 4323 1096 4432 expendamus
1112 4319 1235 4430 paulo
1249 4347 1316 4402 ac-
