2888 5204
146 180 221 257 116
424 173 514 262 Pro
540 167 724 302 Populo
751 165 1017 299 Anglicano

145 337 299 420 modios
318 343 637 425 Harmodiorum
659 345 845 453 sanguine
869 345 1024 424 litantes
1048 362 1202 450 tyranno
1217 336 1259 416 vi·
1326 346 1334 401 ἑ

144 448 249 530 deas.
307 454 406 532 Tibi
423 457 531 535 enim
551 456 650 536 illud
669 458 860 550 accidere,
872 455 1197 536 verifimillimum
1213 448 1264 540 est,
1318 486 1334 535 :

145 558 274 669 deque
288 582 326 643 te
340 585 423 645 tam
435 565 617 648 scelerato
630 569 718 678 quis
731 568 913 676 augurari
927 564 1069 648 redtilrs
1081 565 1209 676 possit:
1226 560 1269 643 al·
1320 598 1334 619 -

148 690 277 753 terum
301 677 357 756 est
379 679 628 788 impoffibile.
687 683 968 787 Tyrannorum
992 680 1152 786 triginta
1178 700 1272 757 men·

146 784 297 866 tionem
317 786 412 869 facis
431 792 501 898 qui
521 789 590 871 sub
611 791 796 872 Gallieno
821 790 1070 872 rebellarunt.
1131 785 1276 901 Qidfi

147 914 332 1003 tyrannus
359 921 569 1009 tyrannum
598 923 817 1013 oppugnat,
846 931 896 982 an
926 930 1062 982 omnes
1096 898 1281 1010 ergo‘qui

149 1031 381 1118 oppugnant
396 1033 621 1121 tyrannum,
633 1034 700 1095 aut
720 1016 878 1109 tollunt,
892 1015 1043 1124 tyranni
1062 1031 1179 1094 erunt
1194 1012 1280 1122 ipfi?

148 1117 254 1200 haud
269 1141 312 1202 tu
325 1125 365 1203 id
377 1125 617 1233 persuaseris,
631 1127 878 1236 mancipium
889 1125 1088 1233 equestre3
1119 1125 1285 1234 nequeis
1329 1136 1333 1213 l

148 1233 219 1339 qui
242 1233 384 1316 author
410 1238 483 1316 tibi
509 1238 579 1331 est,
600 1238 825 1319 Trebellius
846 1238 990 1331 Pollio,
1016 1235 1284 1317 historicorum
1330 1238 1333 1243 ’

148 1344 273 1453 prope
290 1347 604 1454 ignobiliffimus.
666 1351 713 1429 Si
727 1351 794 1460 qui
808 1348 933 1458 hostes,
953 1347 1137 1456 inquis,d
1153 1349 1288 1429 Senatu

136 1454 309 1559 judicati
315 1460 426 1563 soant,
439 1461 568 1568 stellio
586 1461 628 1541 id
632 1461 751 1568 fecit,
771 1491 840 1542 non
855 1459 939 1568 jus.
998 1459 1131 1541 Nobis
1148 1461 1193 1540 in
1211 1487 1290 1539 me·

148 1573 317 1648 moriam
326 1573 586 1681 revocasquid
599 1571 694 1652 fecit
707 1575 984 1683 Imperatorem
1002 1569 1125 1651 factio
1135 1597 1289 1680 nempe,

149 1694 189 1756 et
203 1680 260 1758 vis
276 1699 316 1760 et
327 1699 372 1762 ut
383 1681 537 1793 planius
549 1685 693 1778 dicam,
707 1685 816 1765 furor
827 1683 1008 1776 Antonii,
1021 1710 1100 1763 non
1106 1683 1172 1790 jus
1185 1681 1288 1775 fecit,

148 1806 342 1872 utcontra
359 1795 545 1875 Senatum
561 1796 835 1906 populumque
852 1797 1081 1875 Romanum
1099 1794 1172 1904 ipfi
1188 1790 1292 1904 pribs

149 1900 393 1986 rebellarent.
453 1906 589 2000 Dedit,
619 1909 764 2016 inquis,
785 1924 917 2016 panas
939 1904 1062 1986 Galba
1079 1905 1148 2015 qui
1161 1923 1291 1986 contra

148 2013 332 2096 Neronem
362 2018 578 2125 insurrexit.
639 2020 720 2099 Dic
750 2021 871 2099 etiam
901 2045 996 2127 quas
1024 2043 1159 2127 poenas
1189 2016 1294 2097 dedit

148 2124 416 2237 Vespafianus,
432 2132 502 2238 qui
517 2149 653 2210 contra
663 2130 889 2211 Vitellium.
951 2124 1131 2222 Tantum,
1147 2129 1290 2238 inquis,

147 2235 273 2345 abfuit
304 2242 463 2320 Carolus
491 2241 517 2321 a
542 2243 706 2336 Nerone,
735 2260 914 2352 quantum
942 2240 1004 2348 isti
1027 2240 1190 2321 laniones
1208 2243 1293 2321 An-

142 2348 291 2454 glicani
304 2350 330 2429 ἃ
345 2352 583 2433 Senatoribus
597 2353 697 2435 illius
710 2352 881 2463 temporis
896 2351 1082 2432 Romanis.
1137 2349 1294 2431 Trifirr-

148 2457 261 2554 cifer,
286 2459 308 2539 ὲ
334 2490 415 2570 quo
442 2463 589 2544 laudari
612 2466 853 2576 vituperium
883 2464 953 2557 est,
980 2464 1193 2572 vituperari
1216 2463 1295 2543 laus

150 2598 319 2679 magna:
353 2576 491 2655 Paucis
519 2575 640 2656 modb
664 2577 835 2688 periodis
862 2575 1095 2685 interpositis
1116 2571 1193 2654 hac
1219 2573 1296 2685 ipsa

149 2682 240 2762 dere
268 2684 450 2780 scribens,
477 2688 653 2769 Senatum
670 2687 749 2796 fieb
779 2686 1060 2798 imperatoribus
1086 2704 1296 2794 togatorum

148 2796 410 2905 mancipiorum
429 2799 619 2909 confeffum
627 2800 746 2910 suff
763 2799 906 2892 aiebas,
922 2826 1027 2878 nunc
1045 2799 1220 2878 eundem
1233 2800 1297 2878 Se-

151 2927 281 2987 natum
301 2911 355 2988 ais
376 2911 566 3020 corffeffum
586 2912 796 3020 regumfui
820 2941 865 2990 e:
895 2908 973 2990 hoc
993 2909 1021 2989 fi
1041 2910 1095 2988 ita
1113 2910 1183 3003 est,
1199 2910 1296 3019 quid

151 3018 277 3099 obstat
299 3022 396 3129 quin
419 3049 544 3129 reges,
566 3040 603 3101 te
629 3021 809 3116 authore,
831 3039 962 3128 togata
987 3022 1183 3130 mancipia
1210 3022 1296 3101 fint.

151 3135 292 3214 Beatos
311 3131 388 3212 hoc
405 3133 602 3214 laudatore
616 3135 748 3243 reges!
806 3162 860 3214 uo
875 3136 977 3212 inter
995 3131 1175 3213 homines
1198 3130 1297 3211 nihil

150 3249 331 3357 nequius,
348 3247 450 3325 inter
462 3245 733 3355 quadrupedes
748 3163 849 3326 nibil
861 3246 1053 3324 amentius
1068 3273 1078 3323 ε
1096 3244 1167 3323 nifi
1180 3244 1210 3324 fi
1222 3241 1297 3323 hoc

152 3359 211 3438 illi
232 3357 427 3467 peculiare
446 3358 576 3435 dicam
599 3357 688 3451 effe,
706 3356 813 3466 qubd
833 3385 952 3437 nemo
971 3351 1162 3436 literatius
1179 3356 1297 3436 rudit.

153 3472 339 3549 Senatum
354 3467 509 3575 Angliae
525 3468 682 3549 Neroni
695 3469 838 3549 viselle
854 3468 1081 3548 fimiliorem
1096 3465 1220 3575 quam
1232 3469 1298 3547 Se·

54 3573 60 3596 ¹
151 3583 259 3660 natui
276 3581 484 3659 Romano:
517 3581 640 3688 Cogit
654 3609 718 3660 me
733 3580 936 3661 cacoethes
955 3577 1033 3660 hoc
1049 3598 1165 3659 tuum
1184 3580 1296 3688 inep-

152 3692 311 3772 tiffimas
330 3690 628 3798 conglutinandi
647 3692 933 3784 fimilitudines,
953 3709 998 3772 ut
1015 3690 1214 3797 corrigam
1234 3709 1294 3783 te;

153 3821 193 3883 et
221 3799 342 3912 quam
371 3802 506 3881 fimitis
536 3803 691 3882 Neroni
722 3801 841 3883 fuerit
871 3801 1052 3896 Carolus,
1080 3801 1297 3882 ostendam.

154 3917 273 4007 Nero,
294 3915 438 4021 inquis,
450 3932 606 3992 matrem
610 3914 725 4021 stram
744 3913 847 3996 ferro
859 3914 1021 3997 necavit.
1081 3912 1248 3995 Carolus
1262 3928 1300 3993 et

153 4044 306 4135 patrem
318 4042 359 4103 et
373 4050 509 4131 regem
525 4052 699 4122 venen03
729 4052 824 4106 nam
839 4045 883 4106 ut
897 4026 973 4105 alia
990 4025 1176 4106 omittam
1194 4025 1299 4104 indi-

152 4139 228 4232 cia,
245 4136 316 4244 qui
339 4136 499 4215 Ducem
517 4137 698 4216 veneficii
724 4165 836 4218 reum
863 4136 1015 4244 legibus
1034 4136 1194 4245 eripuit,
1213 4135 1300 4215 fieri

154 4276 234 4329 non
250 4249 379 4357 potuit
392 4248 488 4353 quin
502 4247 581 4356 ipse
593 4277 681 4330 reus
695 4277 853 4358 quoque
870 4246 1003 4328 fuerit.
1047 4248 1162 4327 Nero
1174 4248 1300 4327 multa

153 4360 281 4442 millia
300 4355 616 4441 Christianorum
641 4361 802 4455 occidit,
823 4359 990 4441 Carolus
1014 4358 1146 4441 multo
1171 4359 1299 4468 plura.
