2888 5204
484 109 719 208 Defensm.
761 117 879 242 Cap.
909 149 950 234 J.
1221 153 1293 230 135

171 304 242 366 cum
262 289 472 367 utilitatem
494 308 533 366 et
553 288 714 367 lalutem
743 290 896 393 generis
923 284 1202 379 humani,’non
1230 289 1295 368 sua

166 400 372 493 commoda,
392 398 584 507 suumque
603 399 851 478 dominatum
876 398 1078 509 respexiffe
1103 400 1191 478 illos
1210 404 1294 508 pri-

88 530 102 621 Η·
160 531 233 590 mos
248 512 409 590 urbium
427 512 661 604 conditores,
678 513 930 618 antiquorum
946 513 1129 591 omnium
1148 539 1294 592 monu-

88 624 91 657 ²
158 624 291 702 mentis
308 623 512 732 proditum
531 622 590 701 fit.
649 624 790 701 Unum
809 624 1003 731 praeterire
1025 650 1104 701 non
1122 623 1293 731 polium,

151 744 226 840 quo
245 754 288 813 tu
300 734 424 812 veluti
442 734 678 813 emblemate
694 734 867 842 quodam
887 762 1075 813 exornare
1091 735 1208 814 credo
1220 764 1294 816 cae-

150 864 228 924 tera
241 843 358 951 hujus
372 847 512 954 capitis
526 846 702 924 voluisti:
734 844 991 952 ficorfitlem,
979 846 1125 953 inquis,
1142 846 1294 953 injudi-

144 956 242 1036 ιιιιιιι
264 957 394 1037 venia
417 955 640 1065 oportufft,
662 957 880 1067 priusquam
907 958 1130 1064 magistratu
1152 957 1294 1068 abtffit,

142 1066 308 1148 delictor
324 1066 379 1148 ad
384 1069 450 1148 hoc
460 1067 640 1148 creandus
639 1067 790 1178 surffet
804 1098 899 1148 cum
915 1071 1029 1148 initio
1045 1070 1205 1164 dixeris,
1220 1069 1295 1151 ideo

141 1180 319 1287 collegam
333 1209 367 1260 ιι
363 1180 440 1288 sur
462 1179 638 1261 edurum
698 1183 763 1259 Sic
779 1200 844 1260 tua
858 1180 1036 1290 semper
1024 1202 1127 1259 mter
1141 1181 1178 1259 se
1198 1209 1294 1260 con-

140 1310 318 1398 gruunt;
348 1311 388 1372 et
406 1290 503 1399 quid
524 1293 574 1370 de
598 1319 754 1399 quaque
774 1321 815 1373 re
834 1293 953 1387 dieas,
973 1292 1119 1400 quidve
1138 1291 1293 1387 scribas,

91 1400 268 1511 quam
290 1403 436 1483 nullius
459 1405 654 1483 momenti
676 1405 735 1496 fit,
762 1405 916 1513 paginis
938 1402 1021 1483 fere
1045 1403 1204 1509 lingulis
1224 1404 1294 1483 de-

88 1515 305 1594 -clarant.
366 1513 443 1595 Sub
460 1515 625 1624 antiquis
637 1514 786 1622 regibus
803 1515 1130 1622 Angla-fiaxonicrl
1136 1515 1294 1624 plebem,

88 1627 212 1723 Ιιιι,
232 1624 289 1705 ad
302 1625 449 1706 comitia
471 1626 582 1733 regni
595 1655 780 1735 nunquam
803 1626 1021 1734 vocartsol
1004 1645 1094 1707 atam
1115 1627 1193 1736 effi.
1253 1631 1295 1708 Si

88 1726 232 1844 lquis
264 1736 486 1817 nostrorum
517 1737 595 1817 hoc
624 1738 859 1832 affirmaffet,
890 1737 1040 1846 poffem
1070 1766 1165 1817 eum
1188 1738 1295 1821 haud

143 1848 276 1927 multo
289 1852 450 1955 negotio
468 1851 608 1929 erroris
623 1877 810 1957 arguere3
842 1869 908 1930 tua
923 1850 993 1929 ista
1012 1851 1219 1957 peregrina
1234 1850 1294 1930 af-

143 1959 367 2039 firmatione
396 1986 455 2041 res
484 1960 628 2040 nostras
661 1960 926 2041 hallucinante
955 1958 1088 2040 ιιιιιιιιι
1117 1988 1293 2042 moveor.

88 2094 90 2153 :
144 2073 198 2150 Et
219 2071 272 2152 de
297 2073 503 2151 communi
529 2098 670 2179 regum
691 2072 781 2176 jure
807 2101 894 2180 qnae
916 2070 1086 2151 habuisti
1111 2069 1192 2151 haec
1211 2072 1294 2154 fere

142 2181 246 2262 sunt.
306 2182 478 2290 Reliqua
507 2184 647 2276 multa,
667 2211 760 2262 nam
779 2204 820 2263 et
837 2182 1035 2292 saepiffime
1062 2184 1197 2263 devius
1221 2184 1296 2264 effe

142 2292 255 2386 soles,
269 2295 537 2400 praetermitto,
551 2294 615 2374 vel
626 2322 712 2401 quae
727 2293 986 2375 fundamento
1005 2296 1185 2374 nituntur
1204 2295 1295 2375 nul-

143 2406 198 2499 lo,
218 2405 284 2483 vel
304 2431 390 2511 quae
413 2424 523 2484 extra
549 2404 703 2484 causam
723 2407 845 2513 pofita
870 2406 982 2485 sunt:
1014 2434 1095 2485 non
1121 2409 1229 2487 enim
1254 2408 1294 2488 id

142 2542 309 2626 operam
326 2517 393 2610 do,
414 2536 458 2597 ut
478 2514 551 2596 tibi
569 2545 640 2626 par
658 2517 732 2596 effe
752 2516 989 2626 loquacitate
1009 2517 1155 2597 videar.

568 2906 701 2986 CAP.
734 2905 873 2983 VIII.
921 2993 926 3002 ,

222 3084 298 3178 „³”-
350 3067 430 3146 Ide
441 3095 648 3147 commum
660 3096 800 3175 regum
806 3095 911 3172 Jure
926 3068 1083 3149 Salmafi
1086 3069 1295 3176 ,-quaesen

167 3182 302 3284 gals>
377 3180 482 3271 tires,
500 3206 546 3259 ea
560 3181 638 3259 fine
657 3180 899 3259 contumelia
917 3179 1144 3287 cujusquam
1157 3198 1295 3289 protu-

200 3293 219 3382 ζ
242 3386 252 3399 ¹
289 3342 302 3355 -
376 3290 491 3384 liffes,
511 3293 691 3398 quamvis
712 3293 753 3370 in
773 3288 847 3369 hac
867 3318 1000 3369 rerum
1018 3291 1123 3399 apud
1143 3290 1296 3397 Anglos

260 3412 274 3430 ⁴
317 3402 333 3418 ”
376 3402 612 3496 mutatione,
630 3421 777 3496 tamen,
793 3429 887 3482 cum
904 3402 1082 3482 libertate
1102 3401 1294 3483 scribendi

144 3527 299 3590 uterere
319 3511 399 3607 ιιι,
420 3539 549 3620 neque
568 3532 651 3593 erat
669 3542 739 3593 cur
753 3513 960 3621 quisquam
975 3486 1201 3620 Anglorum
1221 3513 1294 3595 tibi

143 3619 384 3702 succenseret
386 3651 540 3732 neque
554 3653 596 3703 ιιι
607 3625 802 3705 afferenda
805 3652 944 3730 quam
958 3643 1092 3719 tueris
1107 3624 1295 3706 sententia

143 3734 279 3813 minus
292 3732 491 3817 effeciffes
534 3737 645 3816 Nam
662 3733 778 3815 fihoc
790 3754 830 3814 et
842 3735 965 3814 Musis
979 3754 1019 3814 et
1032 3685 1182 3816 Cliristi
1196 3764 1295 3846 prae·

142 3862 308 3925 cetum
335 3845 405 3939 est,
428 3875 546 3926 omnes
564 3846 713 3954 regibus
724 3846 809 3953 fitis
835 3865 912 3927 tam
938 3845 1039 3927 bonis
1060 3845 1170 3956 quim
1188 3848 1296 3928 malis

128 3872 277 4063 salim
278 3955 366 4061 fine
385 3960 444 4038 H
430 3957 584 4066 spanos
590 3961 678 4065 five
701 3958 794 4038 Gall
788 3987 838 4051 os,
845 3958 934 4063 five
952 3959 1038 4037 Ital
1033 3988 1070 4038 os
1073 3959 1180 4064 ,five
1202 3962 1295 4039 Ger·

141 4095 270 4148 manos
271 4067 378 4173 ,five
396 4071 557 4177 Anglos,
563 4070 652 4175 five
672 4071 810 4163 Scotos,
830 4069 937 4177 quod
958 4068 1070 4197 supra
1095 4074 1154 4178 (p
1181 4071 1295 4175 127.)

142 4179 368 4260 affirmabas
370 4182 494 4287 ,quid
507 4179 696 4261 attinebat
709 4201 747 4260 te
762 4199 945 4260 exterum
960 4199 1000 4260 et
1015 4182 1198 4287 ignotum
1207 4179 1298 4284 J’ura

143 4291 278 4372 nostra
303 4290 513 4386 balbutire,
534 4320 657 4402 eaque
677 4292 776 4372 velle
801 4290 912 4372 nobis
934 4290 956 4370 ι
980 4287 1165 4371 cathedra
1190 4291 1298 4399 quasi
