2888 5204
28 31 1325 565 ,-

149 574 229 684 368
389 559 617 657 Authoris
638 594 728 693 pro
749 555 797 656 se
820 554 1051 658 Defensio

141 740 286 820 dicere.
351 738 491 846 Itaque
521 739 550 818 si
582 739 622 816 in
653 756 770 816 tunm
797 737 1063 847 opprobrium
1091 737 1158 818 vel
1189 737 1277 816 nuda

141 851 261 930 verba
287 850 536 943 exeruissem,
574 847 692 929 facile
721 876 789 927 me
818 852 944 929 etiam
980 849 1279 956 graviffimorum

143 961 375 1041 Authornm
395 961 584 1069 exemplo
605 959 878 1040 defendiffem.
937 963 1028 1073 Qi
1060 961 1119 1042 ita
1146 960 1281 1070 semper

144 1072 431 1166 existimarunt,
451 1073 569 1152 verba
587 1072 692 1150 nuda
710 1090 829 1178 atque
847 1091 984 1151 exerta
1000 1099 1100 1152 cum
1117 1073 1282 1180 indigna-
1323 1158 1325 1163 ,

145 1187 252 1264 tione
272 1184 438 1293 prolata,
462 1211 542 1263 non
559 1182 871 1277 obscoenitatem,
896 1183 962 1263 sod
985 1185 1217 1291 graviffimae
1231 1211 1283 1262 re·
1322 1166 1325 1189 ¹

142 1293 407 1405 prehenfiouis
421 1293 717 1374 vehementiam
732 1295 963 1401 fignificare.
998 1297 1109 1405 Qis
1123 1323 1284 1405 unquam

146 1406 277 1488 Pisoni
295 1406 515 1486 Annalium
541 1406 735 1515 scriptori,
758 1406 829 1515 qui
854 1428 1017 1516 propter
1041 1409 1232 1489 virtutem
1252 1425 1286 1486 et

146 1519 312 1628 pudicos
331 1545 461 1597 mores
480 1518 606 1625 Frugi
623 1518 753 1597 distus
770 1518 841 1610 est,
862 1519 961 1599 vitio
978 1520 1117 1613 vertit,
1130 1518 1236 1629 quod
1252 1520 1286 1597 in

143 1630 365 1710 Annalibus
397 1628 554 1737 questus
581 1630 638 1707 est
666 1627 904 1734 adolescentes
925 1631 1020 1739 peni
1052 1628 1194 1712 dedri‘os
1218 1628 1284 1739 effe.

145 1743 248 1850 Qis
279 1768 457 1849 unquam
487 1740 715 1820 Sallustium
745 1742 989 1849 Scriptorem
1024 1744 1284 1849 gravissimum

147 1850 414 1964 reprehendit,
428 1850 537 1960 quhd
552 1854 674 1932 etiam
692 1853 735 1931 in
754 1852 933 1932 Historia
950 1853 1080 1950 dixit;

205 2017 246 2094 V
239 2035 357 2111 entre,
376 2045 503 2111 manu,
516 2035 625 2127 pene,
644 2017 744 2112 eled,
763 2016 859 2098 bend
869 2018 1009 2126 patrib
1026 2017 1240 2100 dr'lacmm.
1323 2030 1325 2037 '

149 2191 749 2303 QdHerodotum,Senecam,
760 2196 1009 2287 Suetonium,
1022 2191 1284 2286 Plutarchum,

146 2303 348 2384 Authores
368 2307 552 2386 omnium
570 2307 813 2413 graviflimos
832 2305 1052 2385 adducam?
1080 2333 1183 2415 quos
1201 2325 1242 2386 tu
1261 2305 1282 2383 si

144 2443 263 2523 negas
278 2415 395 2496 verba
415 2418 536 2498 etiam
555 2417 763 2526 plusquam
781 2435 1022 2525 praetextata,
1048 2414 1188 2525 resque
1206 2417 1281 2496 satis

148 2546 281 2635 turpes
303 2528 418 2608 rebus
437 2529 680 2635 gravioribus
700 2530 906 2637 aliquoties
926 2527 1194 2622 immiscuisse,
1209 2528 1283 2607 satis

147 2640 317 2720 declaras
333 2659 371 2720 te
390 2641 438 2720 iis
453 2643 493 2719 in
507 2639 754 2721 Authoribus
773 2641 965 2721 versatum
980 2668 1061 2720 non
1077 2640 1167 2721 effe.
1204 2641 1283 2719 Hoc

149 2752 176 2829 sr
210 2753 320 2830 omni
351 2772 529 2861 tempore
559 2772 599 2832 et
631 2753 718 2832 loco
752 2754 935 2832 indecens
966 2752 1036 2846 est,
1069 2753 1223 2861 quoties
1248 2770 1281 2829 tu

149 2861 312 2941 Erasmo
324 2864 543 2943 dostiffimo
555 2866 625 2972 qui
639 2866 897 2945 Roterodami
913 2864 984 2944 stat
996 2891 1133 2957 aereus,
1146 2864 1283 2972 quoties

148 2971 317 3052 Thomae
330 2975 451 3054 Moro
472 2976 615 3069 nostr0,
636 2977 746 3082 cujus
763 2996 805 3055 tu
822 3004 966 3055 nomen
982 2996 1052 3056 tuo
1067 3001 1282 3055 commacu·

147 3085 216 3177 las,
237 3087 390 3193 quoties
410 3087 580 3194 denique
600 3089 689 3197 ipsis
714 3088 894 3167 Ecclesrae
917 3088 1093 3196 patribus
1110 3085 1279 3195 antiquis,

146 3197 417 3276 Alexandrino
431 3199 648 3293 Clementi,
665 3200 859 3293 Arnobio,
874 3200 1094 3292 Ladiantio,
1111 3197 1279 3286 Eusebio,

146 3309 244 3388 dum
260 3309 438 3388 obscoena
449 3329 626 3390 veterum
647 3311 886 3418 religionum
901 3310 1083 3418 mysteria
1099 3311 1164 3390 vel
1176 3311 1280 3390 denu·

147 3421 255 3515 dant,
275 3423 338 3500 vel
358 3422 550 3515 derident,
572 3422 801 3503 indecentiae
819 3443 859 3503 et
881 3422 1145 3503 obscoenitatis
1167 3421 1280 3501 dicam

147 3532 310 3612 scribere
327 3533 514 3613 debebis?
544 3530 698 3613 Verum
719 3553 761 3613 tu
780 3532 951 3628 sortassE,
965 3553 1010 3613 ut
1024 3533 1111 3614 sunt
1127 3532 1206 3614 fere
1220 3531 1280 3639 hy·

147 3645 319 3752 pocritae,
337 3645 464 3724 verbis
482 3646 625 3739 tetrici,
646 3645 759 3725 rebus
779 3646 964 3739 obscoeni,
986 3672 1034 3725 ne
1055 3645 1185 3754 ipsum
1204 3642 1280 3753 qui-

146 3756 239 3835 dem
267 3757 408 3836 Mosen
438 3757 508 3836 ista
532 3758 636 3836 nord
669 3759 894 3837 immunem
917 3757 984 3836 abs
1012 3776 1050 3836 te
1077 3755 1278 3842 dimiseris;

146 3864 241 3948 clim
261 3868 354 3947 alibi
376 3865 524 3977 saepiiis,
551 3888 637 3948 tum
658 3870 779 3949 etiam
799 3869 867 3948 ubi
890 3866 1048 3948 Phineae
1076 3866 1199 3962 hasta,
1217 3863 1280 3973 qul

146 3998 254 4087 parte
294 3981 504 4059 mulierem
541 3979 791 4073 transfixerit,
832 3981 938 4087 fiqua
973 3978 1068 4059 fides
1102 3978 1278 4065 Hebraeis,

147 4088 280 4198 aperte
301 4111 442 4171 narrat.
504 4092 570 4170 Ne
590 4092 719 4202 ipsum
739 4091 904 4199 quidem
923 4090 1075 4194 Jobum
1095 4083 1279 4200 pudentis·

145 4203 287 4281 fimum
308 4230 352 4280 ac
373 4204 711 4310 patientissimum,
736 4204 834 4282 dum
858 4203 1110 4282 meretricem
1131 4203 1200 4283 sibi
1218 4225 1278 4280 ux·

145 4341 256 4393 orem
280 4314 427 4393 nudato
454 4333 493 4392 et
518 4315 643 4423 prisco
670 4314 846 4393 sermone
870 4315 1127 4421 imprecatur,
1159 4307 1277 4421 fiipse

145 4426 278 4505 aliena
302 4427 416 4506 uxori
437 4425 633 4506 insidiatus
654 4454 831 4533 unquam
851 4423 993 4505 fuisset.
1053 4428 1154 4507 Non
1169 4445 1206 4506 te
1224 4426 1278 4502 Sa·

142 4537 312 4617 lomonis
342 4535 620 4647 Euphemismi
649 4538 865 4631 censorem,
895 4565 974 4616 non
1003 4537 1278 4648 Prophetarum

142 4648 282 4758 scripta
303 4667 413 4729 tuam
431 4650 617 4759 turpiculi
636 4648 763 4729 immo
785 4676 1070 4757 nonnunquam
1087 4648 1203 4759 plane
1218 4645 1277 4728 oh

142 4760 258 4841 scoeni
273 4762 474 4842 censuram
490 4762 716 4869 effugerint,
733 4764 888 4870 quoties
904 4759 1147 4844 Masorethis
1162 4783 1202 4844 et
1213 4763 1279 4842 lu·
