2888 5204
371 556 598 657 Authoris
624 596 709 695 pro
734 558 777 657 se
803 556 1043 660 Defensro.
1204 605 1225 686 3
1233 607 1253 686 3
1261 608 1281 687 3

129 736 206 844 git.
267 739 364 850 Qu
377 733 438 832 fit,
450 755 495 816 ut
509 737 617 845 quod
638 737 817 846 plerique
831 738 879 817 ad
899 736 1287 820 commendationem

128 849 279 959 operis,
299 869 341 930 et
369 849 611 929 audientiam
642 849 712 929 fibi
743 849 963 930 faciendam
994 849 1145 959 praefari
1171 852 1285 933 initio

128 958 272 1056 solent,
292 960 330 1043 se
349 962 398 1040 ab
414 962 512 1042 exili
531 981 648 1070 atque
668 960 967 1041 humili·rerum
982 964 1144 1042 materie
1158 963 1207 1042 ad
1226 994 1286 1045 res

130 1072 244 1153 dietu
263 1073 502 1181 gravissimas
521 1093 638 1183 atque
659 1076 852 1154 maximas
872 1073 1052 1184 aspirare,
1065 1075 1106 1153 id
1125 1074 1228 1155 mihi
1244 1079 1284 1156 in

132 1184 333 1294 praesentia
359 1214 611 1295 nequaquam
637 1187 861 1267 concellum
895 1189 963 1280 fit;
1002 1205 1047 1266 ut
1080 1188 1145 1266 cui
1181 1217 1284 1269 nunc

133 1294 272 1378 contri
291 1296 354 1377 vel
380 1299 504 1378 invito
531 1318 648 1407 atque
676 1295 871 1378 nolentid
898 1298 1013 1378 rebus
1041 1301 1226 1380 maximis
1246 1322 1286 1380 et

133 1410 415 1517 gloriofiffimis
434 1411 609 1499 dicendis
629 1411 677 1490 ad
704 1439 763 1490 res
783 1410 976 1503 obscuras,
997 1438 1285 1519 anonymorum

132 1521 315 1616 latebras,
340 1542 380 1603 et
403 1521 608 1602 adversarii
636 1523 845 1631 turpiffimi
876 1521 1138 1631 persequenda
1168 1524 1286 1604 lustra

133 1652 254 1742 atque
282 1634 430 1742 flagitia
464 1634 672 1715 necessario
701 1635 745 1715 fit
774 1633 1100 1714 descendendum.
1162 1638 1284 1748 Qod

133 1747 204 1825 etfi
223 1773 366 1856 parum
394 1748 615 1827 exordienti
640 1745 904 1827 honorificum
931 1767 971 1827 et
999 1747 1047 1826 ad
1068 1746 1285 1829 reddendos

134 1857 330 1939 lectorum
354 1860 506 1939 animos
533 1861 758 1939 attentiores
784 1861 916 1938 minus
941 1860 1285 1941 accommodatum

133 1970 210 2051 effe
229 1971 421 2066 videatur,
440 1969 559 2051 habet
579 1991 711 2050 tamen
738 1972 844 2080 quod
872 1971 1058 2080 exemplo
1086 1968 1190 2051 haud
1215 1974 1284 2054 ab·

133 2079 376 2176 fimili,ci1m
388 2084 483 2163 viris
497 2084 660 2192 optimis
676 2105 716 2163 et
735 2083 1047 2193 praestantiffimis
1067 2084 1173 2163 idem
1189 2113 1285 2165 con-

132 2196 284 2303 tigerit,
304 2195 494 2275 consolari
519 2196 658 2305 poffit:
691 2196 882 2305 fiquidem
910 2215 950 2275 et
968 2194 1178 2277 Africanus
1204 2199 1285 2307 ipse

133 2307 285 2416 Scipi0,
306 2308 513 2417 postquam
532 2335 577 2388 ea
603 2307 764 2415 gesserat
782 2307 925 2416 quibus
944 2305 1045 2385 nihil
1071 2309 1110 2386 in
1132 2336 1179 2388 eo
1200 2309 1285 2389 lau-

134 2418 197 2500 dis
231 2446 375 2526 genere
409 2419 564 2500 felicius
595 2440 663 2500 aut
695 2420 820 2526 majus
853 2421 997 2528 potuit,
1033 2419 1285 2501 inclinatione

133 2558 271 2611 rerum
301 2531 457 2612 suarum
488 2533 678 2641 perpetui
703 2553 743 2611 et
769 2530 1012 2611 decrescente
1038 2529 1189 2639 semper
1214 2532 1286 2615 suae

133 2643 290 2723 virtutis
316 2645 480 2724 materis
506 2644 595 2724 usus
621 2644 695 2724 effe
725 2644 904 2724 videtur:
942 2645 996 2723 Et
1026 2642 1158 2750 primo
1184 2643 1284 2726 Dux

133 2756 301 2862 quidem
335 2756 526 2849 summus,
562 2775 679 2865 atque
712 2754 937 2835 Hannibale
968 2754 1155 2864 superior,
1188 2784 1285 2838 mox

133 2887 273 2948 contra
291 2865 444 2948 hostem
470 2872 613 2977 Syrum
640 2889 680 2949 et
704 2867 908 2948 imbellem
929 2869 1115 2977 Legatos,
1136 2869 1285 2949 Tribu-

134 3007 281 3060 norum
318 2981 458 3060 deinde
498 2981 731 3089 impotentid
764 2999 940 3071 vexatus,
979 2979 1087 3059 suam
1127 2984 1285 3061 tandem

133 3093 385 3173 communire
408 3092 543 3172 villam
570 3092 839 3173 Liternensem
869 3110 1003 3172 contra
1035 3090 1138 3173 fures
1169 3113 1285 3202 atque

135 3204 306 3285 latrones
337 3209 493 3285 coactus
521 3205 600 3285 est:
638 3207 680 3284 in
709 3203 783 3285 hac
811 3224 943 3285 tamen
971 3233 1102 3284 rerum
1130 3206 1285 3285 suarum

135 3311 359 3397 declivitate
389 3336 507 3424 atque
541 3316 722 3398 descensu
758 3345 827 3425 par
858 3315 937 3424 ipse
972 3314 1123 3425 semper
1149 3317 1219 3396 fibi
1247 3337 1288 3397 et

134 3427 294 3537 aequalis
328 3429 473 3509 dicitur
506 3426 629 3508 fuiffe.
691 3430 810 3508 Unde
838 3455 927 3534 ego,
959 3447 1076 3536 atque
1102 3428 1187 3507 aliis
1213 3429 1286 3507 ali-

136 3539 243 3623 unde
263 3542 438 3634 monitis,
458 3540 650 3650 quicquid
676 3540 784 3620 sortis
810 3560 878 3620 aut
902 3541 1111 3648 provincia
1135 3540 1286 3620 dederit

136 3651 260 3735 modb
277 3656 405 3747 Deus,
425 3653 553 3733 multo
580 3653 673 3732 licet
699 3652 827 3762 priore
853 3650 1067 3758 angustius,
1088 3669 1205 3760 atque
1229 3671 1288 3732 te-

137 3767 271 3858 nuius,
302 3767 342 3846 id
369 3793 448 3845 non
474 3764 667 3874 aspernari
695 3765 863 3845 erudior.
923 3764 998 3843 Sed
1026 3765 1288 3872 quemadmo-

137 3876 236 3959 dum
257 3878 357 3958 Dux
387 3878 512 3957 bonus
533 3877 691 3983 (quidni
723 3879 832 3956 enim
861 3875 984 3956 bonos
1010 3876 1052 3954 in
1078 3877 1190 3956 omni
1217 3904 1288 3983 ge-

136 4017 232 4070 nere
258 3989 374 4070 liceat
403 3990 550 4068 imitari
567 3990 598 4097 Β)
628 4008 764 4068 contra
788 3986 941 4068 hostem
972 3989 1288 4096 qualemcunque

136 4101 235 4183 boni
254 4103 381 4183 Ducis
400 4101 578 4181 officium
606 4100 808 4209 explebit3
837 4101 900 4179 vel
928 4100 956 4178 fi
983 4098 1060 4180 hoc
1087 4102 1205 4181 nimis
1224 4105 1287 4181 in-

137 4213 332 4295 vidiosum
363 4212 432 4306 est,
461 4232 506 4293 ut
536 4212 640 4293 sutor
669 4212 809 4306 bonus,
837 4213 891 4291 ita
920 4213 1029 4291 enim
1054 4215 1114 4293 vir
1139 4214 1289 4324 sapiens

137 4326 239 4408 olim
270 4324 567 4435 philosophatus
597 4324 667 4419 est,
699 4353 749 4404 ex
781 4353 828 4403 eo
857 4326 1123 4434 quodcunque
1154 4327 1209 4406 est
1240 4328 1288 4407 ad

137 4466 306 4519 manum
331 4440 439 4519 corio
466 4438 780 4519 calceamentum
798 4433 920 4544 quim
944 4437 1070 4548 potest
1089 4439 1289 4547 optimum

137 4550 336 4645 conficiet,
357 4551 408 4632 fic
427 4578 503 4658 ego
523 4577 573 4628 ex
599 4547 676 4629 hoc
702 4548 968 4629 calceamento
990 4553 1290 4656 (argumentum

136 4665 249 4744 enim
267 4660 362 4744 ciam
377 4661 623 4743 instituissem
637 4663 781 4756 dicere,
799 4662 956 4769 puduit)
973 4663 1064 4740 trito
1079 4661 1289 4770 praesertim

130 4777 219 4884 jam
243 4794 356 4858 antea
382 4794 500 4884 atque
528 4772 684 4869 dissuto,
705 4774 830 4882 siquid
857 4775 1088 4854 concinnare
1109 4775 1215 4882 quod
1239 4775 1292 4862 le
