<?xml version="1.0" encoding="UTF-8"?>
<!DOCTYPE html PUBLIC "-//W3C//DTD XHTML 1.0 Transitional//EN"
    "http://www.w3.org/TR/xhtml1/DTD/xhtml1-transitional.dtd">
<html xmlns="http://www.w3.org/1999/xhtml" xml:lang="en" lang="en">
 <head>
  <title>
</title>
<meta http-equiv="Content-Type" content="text/html;charset=utf-8" />
  <meta name='ocr-system' content='tesseract 3.04.00' />
  <meta name='ocr-capabilities' content='ocr_page ocr_carea ocr_par ocr_line ocrx_word'/>
</head>
<body>
  <div class='ocr_page' id='page_1' title='image "./worksjohnmilton07miltgoog_0042.png"; bbox 0 0 796 1583; ppageno 0'>
   <div class='ocr_carea' id='block_1_1' title="bbox 234 165 640 199">
    <p class='ocr_par' dir='ltr' id='par_1_1' title="bbox 234 165 640 199">
     <span class='ocr_line' id='line_1_1' title="bbox 234 165 640 199; baseline 0.002 -10"><span class='ocrx_word' id='word_1_1' title='bbox 234 165 353 190; x_wconf 83' lang='lat' dir='ltr'>Defenfio.</span> <span class='ocrx_word' id='word_1_2' title='bbox 373 167 433 199; x_wconf 84' lang='lat' dir='ltr'>Cap.</span> <span class='ocrx_word' id='word_1_3' title='bbox 452 176 471 190; x_wconf 92' lang='lat'>1.</span> <span class='ocrx_word' id='word_1_4' title='bbox 615 177 640 196; x_wconf 81' lang='lat'>25</span> 
     </span>
    </p>
   </div>
   <div class='ocr_carea' id='block_1_2' title="bbox 61 210 644 544">
    <p class='ocr_par' dir='ltr' id='par_1_2' title="bbox 61 210 644 544">
     <span class='ocr_line' id='line_1_2' title="bbox 64 210 642 237; baseline 0.002 -8"><span class='ocrx_word' id='word_1_5' title='bbox 64 217 95 229; x_wconf 88' lang='lat' dir='ltr'>mo</span> <span class='ocrx_word' id='word_1_6' title='bbox 108 217 130 229; x_wconf 79' lang='lat' dir='ltr'>ac</span> <span class='ocrx_word' id='word_1_7' title='bbox 141 210 155 229; x_wconf 86' lang='lat' dir='ltr'><strong>fi</strong></span> <span class='ocrx_word' id='word_1_8' title='bbox 165 210 203 230; x_wconf 87' lang='lat' dir='ltr'>deo</span> <span class='ocrx_word' id='word_1_9' title='bbox 213 210 295 230; x_wconf 86' lang='lat' dir='ltr'>cuilibet</span> <span class='ocrx_word' id='word_1_10' title='bbox 305 215 374 230; x_wconf 87' lang='lat' dir='ltr'>votum</span> <span class='ocrx_word' id='word_1_11' title='bbox 383 210 425 237; x_wconf 85' lang='lat' dir='ltr'>ipso</span> <span class='ocrx_word' id='word_1_12' title='bbox 436 210 494 230; x_wconf 84' lang='lat' dir='ltr'>Mida</span> <span class='ocrx_word' id='word_1_13' title='bbox 504 210 580 230; x_wconf 82' lang='lat' dir='ltr'>stultius</span> <span class='ocrx_word' id='word_1_14' title='bbox 590 217 642 230; x_wconf 87' lang='lat' dir='ltr'>nun-</span> 
     </span>
     <span class='ocr_line' id='line_1_3' title="bbox 63 237 643 269; baseline 0.002 -12"><span class='ocrx_word' id='word_1_15' title='bbox 63 237 159 269; x_wconf 81' lang='lat' dir='ltr'>cupasses,</span> <span class='ocrx_word' id='word_1_16' title='bbox 169 238 265 265; x_wconf 89' lang='lat' dir='ltr'>quicquid</span> <span class='ocrx_word' id='word_1_17' title='bbox 275 239 372 262; x_wconf 63' lang='lat' dir='ltr'>nuestus,</span> <span class='ocrx_word' id='word_1_18' title='bbox 381 238 416 258; x_wconf 84' lang='lat' dir='ltr'>nifi</span> <span class='ocrx_word' id='word_1_19' title='bbox 426 245 474 258; x_wconf 89' lang='lat' dir='ltr'>cum</span> <span class='ocrx_word' id='word_1_20' title='bbox 484 238 602 258; x_wconf 83' lang='lat' dir='ltr'>soloeeismos</span> <span class='ocrx_word' id='word_1_21' title='bbox 613 238 643 258; x_wconf 84' lang='lat' dir='ltr'>fa-</span> 
     </span>
     <span class='ocr_line' id='line_1_4' title="bbox 64 266 643 293; baseline 0.002 -8"><span class='ocrx_word' id='word_1_22' title='bbox 64 273 91 286; x_wconf 75' lang='lat' dir='ltr'>cis</span> <span class='ocrx_word' id='word_1_23' title='bbox 106 266 246 286; x_wconf 79' lang='lat' dir='ltr'>Grammatica</span> <span class='ocrx_word' id='word_1_24' title='bbox 260 266 294 286; x_wconf 82' lang='lat' dir='ltr'>est.</span> <span class='ocrx_word' id='word_1_25' title='bbox 347 266 420 293; x_wconf 80' lang='lat' dir='ltr'>uisquis</span> <span class='ocrx_word' id='word_1_26' title='bbox 438 266 500 293; x_wconf 78' lang='lat' dir='ltr'>igitur</span> <span class='ocrx_word' id='word_1_27' title='bbox 514 266 535 286; x_wconf 76' lang='lat' dir='ltr'>de</span> <span class='ocrx_word' id='word_1_28' title='bbox 542 266 596 293; x_wconf 74' lang='lat' dir='ltr'>face</span> <span class='ocrx_word' id='word_1_29' title='bbox 610 266 643 286; x_wconf 86' lang='lat' dir='ltr'><em>illa</em></span> 
     </span>
     <span class='ocr_line' id='line_1_5' title="bbox 61 293 643 321; baseline 0.002 -8"><span class='ocrx_word' id='word_1_30' title='bbox 61 293 129 320; x_wconf 75' lang='lat' dir='ltr'>plebis,</span> <span class='ocrx_word' id='word_1_31' title='bbox 138 301 201 321; x_wconf 81' lang='lat' dir='ltr'>quam</span> <span class='ocrx_word' id='word_1_32' title='bbox 211 298 232 313; x_wconf 86' lang='lat' dir='ltr'>tu</span> <span class='ocrx_word' id='word_1_33' title='bbox 245 294 340 321; x_wconf 78' lang='lat' dir='ltr'><strong>exagitas,</strong></span> <span class='ocrx_word' id='word_1_34' title='bbox 359 294 403 314; x_wconf 85' lang='lat' dir='ltr'>illos</span> <span class='ocrx_word' id='word_1_35' title='bbox 415 294 470 314; x_wconf 86' lang='lat' dir='ltr'>enim</span> <span class='ocrx_word' id='word_1_36' title='bbox 480 294 525 314; x_wconf 57' lang='lat' dir='ltr'>verb</span> <span class='ocrx_word' id='word_1_37' title='bbox 537 294 643 321; x_wconf 79' lang='lat' dir='ltr'>optimates</span> 
     </span>
     <span class='ocr_line' id='line_1_6' title="bbox 64 321 642 349; baseline 0 -8"><span class='ocrx_word' id='word_1_38' title='bbox 64 321 149 344; x_wconf 85' lang='lat' dir='ltr'>nostros,</span> <span class='ocrx_word' id='word_1_39' title='bbox 158 328 245 349; x_wconf 88' lang='lat' dir='ltr'>quorum</span> <span class='ocrx_word' id='word_1_40' title='bbox 253 321 374 349; x_wconf 79' lang='lat' dir='ltr'>sapientiam,</span> <span class='ocrx_word' id='word_1_41' title='bbox 382 322 484 345; x_wconf 78' lang='lat' dir='ltr'>virtutem,</span> <span class='ocrx_word' id='word_1_42' title='bbox 491 326 512 341; x_wconf 84' lang='lat' dir='ltr'>et</span> <span class='ocrx_word' id='word_1_43' title='bbox 519 322 642 342; x_wconf 75' lang='lat' dir='ltr'>nobilitatem</span> 
     </span>
     <span class='ocr_line' id='line_1_7' title="bbox 63 349 642 376; baseline 0 -7"><span class='ocrx_word' id='word_1_44' title='bbox 63 349 116 369; x_wconf 52' lang='lat' dir='ltr'>fath</span> <span class='ocrx_word' id='word_1_45' title='bbox 125 349 198 376; x_wconf 77' lang='lat' dir='ltr'>inclyta</span> <span class='ocrx_word' id='word_1_46' title='bbox 207 349 252 370; x_wconf 70' lang='lat' dir='ltr'>fitis</span> <span class='ocrx_word' id='word_1_47' title='bbox 260 350 360 373; x_wconf 78' lang='lat' dir='ltr'>testantur,</span> <span class='ocrx_word' id='word_1_48' title='bbox 368 356 407 369; x_wconf 87' lang='lat' dir='ltr'>non</span> <span class='ocrx_word' id='word_1_49' title='bbox 414 350 439 369; x_wconf 84' lang='lat' dir='ltr'>fic</span> <span class='ocrx_word' id='word_1_50' title='bbox 447 349 586 373; x_wconf 80' lang='lat' dir='ltr'>dehonestabo,</span> <span class='ocrx_word' id='word_1_51' title='bbox 594 355 616 369; x_wconf 91' lang='lat' dir='ltr'>ut</span> <span class='ocrx_word' id='word_1_52' title='bbox 624 355 642 370; x_wconf 86' lang='lat' dir='ltr'>te</span> 
     </span>
     <span class='ocr_line' id='line_1_8' title="bbox 64 377 642 405; baseline 0 -8"><span class='ocrx_word' id='word_1_53' title='bbox 64 377 113 401; x_wconf 83' lang='lat' dir='ltr'>illis,</span> <span class='ocrx_word' id='word_1_54' title='bbox 119 382 154 397; x_wconf 81' lang='lat' dir='ltr'>aut</span> <span class='ocrx_word' id='word_1_55' title='bbox 161 377 198 397; x_wconf 85' lang='lat' dir='ltr'>tibi</span> <span class='ocrx_word' id='word_1_56' title='bbox 205 377 249 397; x_wconf 80' lang='lat' dir='ltr'>illos</span> <span class='ocrx_word' id='word_1_57' title='bbox 255 384 374 405; x_wconf 82' lang='lat' dir='ltr'>componere</span> <span class='ocrx_word' id='word_1_58' title='bbox 378 377 448 404; x_wconf 81' lang='lat' dir='ltr'>velim)</span> <span class='ocrx_word' id='word_1_59' title='bbox 454 377 558 405; x_wconf 73' lang='lat' dir='ltr'>quisquis,¹</span> <span class='ocrx_word' id='word_1_60' title='bbox 553 385 642 405; x_wconf 82' lang='lat' dir='ltr'>mquam,</span> 
     </span>
     <span class='ocr_line' id='line_1_9' title="bbox 64 405 643 433; baseline 0 -8"><span class='ocrx_word' id='word_1_61' title='bbox 64 405 90 425; x_wconf 82' lang='lat' dir='ltr'>de</span> <span class='ocrx_word' id='word_1_62' title='bbox 100 405 148 425; x_wconf 78' lang='lat' dir='ltr'>faece</span> <span class='ocrx_word' id='word_1_63' title='bbox 157 405 191 425; x_wconf 82' lang='lat' dir='ltr'>illa</span> <span class='ocrx_word' id='word_1_64' title='bbox 200 405 277 433; x_wconf 84' lang='lat' dir='ltr'>plebis</span> <span class='ocrx_word' id='word_1_65' title='bbox 275 405 314 426; x_wconf 83' lang='lat' dir='ltr'>hoc</span> <span class='ocrx_word' id='word_1_66' title='bbox 324 405 462 425; x_wconf 54' lang='lat' dir='ltr'>tantummode&gt;</span> <span class='ocrx_word' id='word_1_67' title='bbox 475 405 510 425; x_wconf 84' lang='lat' dir='ltr'>fibi</span> <span class='ocrx_word' id='word_1_68' title='bbox 522 405 643 433; x_wconf 82' lang='lat' dir='ltr'>persuaserit,</span> 
     </span>
     <span class='ocr_line' id='line_1_10' title="bbox 66 428 642 461; baseline 0 -8"><span class='ocrx_word' id='word_1_69' title='bbox 66 440 107 453; x_wconf 88' lang='lat' dir='ltr'>non</span> <span class='ocrx_word' id='word_1_70' title='bbox 117 433 155 453; x_wconf 78' lang='lat' dir='ltr'>effe</span> <span class='ocrx_word' id='word_1_71' title='bbox 164 433 184 453; x_wconf 86' lang='lat' dir='ltr'>se</span> <span class='ocrx_word' id='word_1_72' title='bbox 194 428 277 460; x_wconf 82' lang='lat' dir='ltr'>regibus</span> <span class='ocrx_word' id='word_1_73' title='bbox 282 438 358 457; x_wconf 76' lang='lat' dir='ltr'>natum,</span> <span class='ocrx_word' id='word_1_74' title='bbox 369 433 401 453; x_wconf 77' lang='lat' dir='ltr'>sed</span> <span class='ocrx_word' id='word_1_75' title='bbox 410 434 455 453; x_wconf 82' lang='lat' dir='ltr'>Deo</span> <span class='ocrx_word' id='word_1_76' title='bbox 465 438 485 453; x_wconf 88' lang='lat' dir='ltr'>et</span> <span class='ocrx_word' id='word_1_77' title='bbox 495 434 568 461; x_wconf 82' lang='lat' dir='ltr'>patriae,</span> <span class='ocrx_word' id='word_1_78' title='bbox 578 433 642 453; x_wconf 63' lang='lat' dir='ltr'>multu</span> 
     </span>
     <span class='ocr_line' id='line_1_11' title="bbox 66 461 644 489; baseline 0 -8"><span class='ocrx_word' id='word_1_79' title='bbox 66 461 111 481; x_wconf 54' lang='lat' dir='ltr'>sau&amp;</span> <span class='ocrx_word' id='word_1_80' title='bbox 121 466 142 481; x_wconf 81' lang='lat' dir='ltr'>te</span> <span class='ocrx_word' id='word_1_81' title='bbox 151 461 235 485; x_wconf 76' lang='lat' dir='ltr'>doffior,</span> <span class='ocrx_word' id='word_1_82' title='bbox 245 461 310 482; x_wconf 74' lang='lat' dir='ltr'>multb</span> <span class='ocrx_word' id='word_1_83' title='bbox 323 461 434 489; x_wconf 74' lang='lat' dir='ltr'>sapientior,</span> <span class='ocrx_word' id='word_1_84' title='bbox 449 461 513 481; x_wconf 71' lang='lat' dir='ltr'>multb</span> <span class='ocrx_word' id='word_1_85' title='bbox 525 461 611 489; x_wconf 87' lang='lat' dir='ltr'>probior,</span> <span class='ocrx_word' id='word_1_86' title='bbox 624 466 644 482; x_wconf 83' lang='lat' dir='ltr'>et</span> 
     </span>
     <span class='ocr_line' id='line_1_12' title="bbox 66 489 643 510; baseline 0 -1"><span class='ocrx_word' id='word_1_87' title='bbox 66 489 91 509; x_wconf 74' lang='lat' dir='ltr'>ad</span> <span class='ocrx_word' id='word_1_88' title='bbox 105 496 188 509; x_wconf 81' lang='lat' dir='ltr'>omnem</span> <span class='ocrx_word' id='word_1_89' title='bbox 201 489 262 509; x_wconf 81' lang='lat' dir='ltr'>vitam</span> <span class='ocrx_word' id='word_1_90' title='bbox 278 489 345 510; x_wconf 87' lang='lat' dir='ltr'>utilior</span> <span class='ocrx_word' id='word_1_91' title='bbox 359 489 500 509; x_wconf 82' lang='lat' dir='ltr'>existimandus</span> <span class='ocrx_word' id='word_1_92' title='bbox 513 490 557 509; x_wconf 78' lang='lat' dir='ltr'>erit.</span> <span class='ocrx_word' id='word_1_93' title='bbox 588 490 643 509; x_wconf 82' lang='lat' dir='ltr'>Nam</span> 
     </span>
     <span class='ocr_line' id='line_1_13' title="bbox 66 517 643 544; baseline 0 -7"><span class='ocrx_word' id='word_1_94' title='bbox 66 517 137 537; x_wconf 69' lang='lat' dir='ltr'>doetus</span> <span class='ocrx_word' id='word_1_95' title='bbox 147 517 181 537; x_wconf 80' lang='lat' dir='ltr'>ille</span> <span class='ocrx_word' id='word_1_96' title='bbox 191 517 230 537; x_wconf 81' lang='lat' dir='ltr'>fine</span> <span class='ocrx_word' id='word_1_97' title='bbox 240 517 308 541; x_wconf 82' lang='lat' dir='ltr'>literis,</span> <span class='ocrx_word' id='word_1_98' title='bbox 318 522 339 537; x_wconf 93' lang='lat' dir='ltr'>tu</span> <span class='ocrx_word' id='word_1_99' title='bbox 349 517 437 537; x_wconf 81' lang='lat' dir='ltr'>literatus</span> <span class='ocrx_word' id='word_1_100' title='bbox 447 517 485 537; x_wconf 83' lang='lat' dir='ltr'>fine</span> <span class='ocrx_word' id='word_1_101' title='bbox 495 517 595 541; x_wconf 69' lang='lat' dir='ltr'>dodrina;</span> <span class='ocrx_word' id='word_1_102' title='bbox 608 518 643 544; x_wconf 90' lang='lat' dir='ltr'>qui</span> 
     </span>
    </p>
   </div>
   <div class='ocr_carea' id='block_1_3' title="bbox 66 545 643 600">
    <p class='ocr_par' dir='ltr' id='par_1_3' title="bbox 66 545 643 600">
     <span class='ocr_line' id='line_1_14' title="bbox 66 545 643 573; baseline 0 -8"><span class='ocrx_word' id='word_1_103' title='bbox 66 550 95 565; x_wconf 84' lang='lat' dir='ltr'>tot</span> <span class='ocrx_word' id='word_1_104' title='bbox 105 545 184 572; x_wconf 75' lang='lat' dir='ltr'>linguas</span> <span class='ocrx_word' id='word_1_105' title='bbox 193 545 259 569; x_wconf 83' lang='lat' dir='ltr'>calles,</span> <span class='ocrx_word' id='word_1_106' title='bbox 270 550 299 565; x_wconf 81' lang='lat' dir='ltr'>tot</span> <span class='ocrx_word' id='word_1_107' title='bbox 308 545 410 566; x_wconf 82' lang='lat' dir='ltr'>volumina</span> <span class='ocrx_word' id='word_1_108' title='bbox 420 545 524 573; x_wconf 80' lang='lat' dir='ltr'>percurris,</span> <span class='ocrx_word' id='word_1_109' title='bbox 533 550 561 565; x_wconf 86' lang='lat' dir='ltr'>tot</span> <span class='ocrx_word' id='word_1_110' title='bbox 569 545 643 569; x_wconf 77' lang='lat' dir='ltr'>stribis,</span> 
     </span>
     <span class='ocr_line' id='line_1_15' title="bbox 67 577 272 600; baseline 0 -7"><span class='ocrx_word' id='word_1_111' title='bbox 67 577 87 593; x_wconf 81' lang='lat' dir='ltr'>ct</span> <span class='ocrx_word' id='word_1_112' title='bbox 97 578 165 593; x_wconf 79' lang='lat' dir='ltr'>tamen</span> <span class='ocrx_word' id='word_1_113' title='bbox 175 580 236 600; x_wconf 78' lang='lat' dir='ltr'>pecus</span> <span class='ocrx_word' id='word_1_114' title='bbox 245 580 272 593; x_wconf 89' lang='lat' dir='ltr'>es.</span> 
     </span>
    </p>
   </div>
   <div class='ocr_carea' id='block_1_4' title="bbox 300 666 414 686">
    <p class='ocr_par' dir='ltr' id='par_1_4' title="bbox 300 666 414 686">
     <span class='ocr_line' id='line_1_16' title="bbox 300 666 414 686; baseline 0 0"><span class='ocrx_word' id='word_1_115' title='bbox 300 666 414 686; x_wconf 83' lang='lat' dir='ltr'>CAP.11</span> 
     </span>
    </p>
   </div>
   <div class='ocr_carea' id='block_1_5' title="bbox 64 712 665 1242">
    <p class='ocr_par' dir='ltr' id='par_1_5' title="bbox 154 712 643 799">
     <span class='ocr_line' id='line_1_17' title="bbox 174 712 643 740; baseline 0 -7"><span class='ocrx_word' id='word_1_116' title='bbox 174 713 221 735; x_wconf 88' lang='lat' dir='ltr'>Uod</span> <span class='ocrx_word' id='word_1_117' title='bbox 234 717 373 740; x_wconf 80' lang='lat' dir='ltr'>argumentum</span> <span class='ocrx_word' id='word_1_118' title='bbox 384 720 420 740; x_wconf 84' lang='lat' dir='ltr'>pro</span> <span class='ocrx_word' id='word_1_119' title='bbox 432 713 450 733; x_wconf 87' lang='lat' dir='ltr'>se</span> <span class='ocrx_word' id='word_1_120' title='bbox 464 712 587 733; x_wconf 78' lang='lat' dir='ltr'>indubitatum</span> <span class='ocrx_word' id='word_1_121' title='bbox 599 713 643 737; x_wconf 83' lang='lat' dir='ltr'>effe,</span> 
     </span>
     <span class='ocr_line' id='line_1_18' title="bbox 160 741 644 768; baseline 0 -7"><span class='ocrx_word' id='word_1_122' title='bbox 160 746 166 752; x_wconf 77' lang='lat'><em>¹</em></span> <span class='ocrx_word' id='word_1_123' title='bbox 187 741 352 768; x_wconf 78' lang='lat' dir='ltr'>superiorecapite</span> <span class='ocrx_word' id='word_1_124' title='bbox 359 748 450 768; x_wconf 79' lang='lat' dir='ltr'>perorans</span> <span class='ocrx_word' id='word_1_125' title='bbox 455 741 530 761; x_wconf 78' lang='lat' dir='ltr'>dixerat</span> <span class='ocrx_word' id='word_1_126' title='bbox 534 741 644 764; x_wconf 74' lang='lat' dir='ltr'>Salmasius,</span> 
     </span>
     <span class='ocr_line' id='line_1_19' title="bbox 141 768 644 804; baseline 0.002 -16.027"><span class='ocrx_word' id='word_1_127' title='bbox 141 773 167 804; x_wconf 57' lang='lat' dir='ltr'>&lt;j</span> <span class='ocrx_word' id='word_1_128' title='bbox 187 776 226 789; x_wconf 76' lang='lat' dir='ltr'>rem</span> <span class='ocrx_word' id='word_1_129' title='bbox 236 769 264 789; x_wconf 74' lang='lat' dir='ltr'>tta</span> <span class='ocrx_word' id='word_1_130' title='bbox 263 769 287 795; x_wconf 83' lang='lat' dir='ltr'><em>st</em></span> <span class='ocrx_word' id='word_1_131' title='bbox 294 768 360 788; x_wconf 80' lang='lat' dir='ltr'>habere</span> <span class='ocrx_word' id='word_1_132' title='bbox 367 773 389 789; x_wconf 74' lang='lat' dir='ltr'>ut</span> <span class='ocrx_word' id='word_1_133' title='bbox 398 768 489 792; x_wconf 79' lang='lat' dir='ltr'>creditur,</span> <span class='ocrx_word' id='word_1_134' title='bbox 495 776 536 789; x_wconf 86' lang='lat' dir='ltr'>cum</span> <span class='ocrx_word' id='word_1_135' title='bbox 545 776 603 789; x_wconf 83' lang='lat' dir='ltr'>omnes</span> <span class='ocrx_word' id='word_1_136' title='bbox 608 776 644 789; x_wconf 86' lang='lat' dir='ltr'>un·-</span> 
     </span>
    </p>

    <p class='ocr_par' dir='ltr' id='par_1_6' title="bbox 68 796 665 1242">
     <span class='ocr_line' id='line_1_20' title="bbox 162 796 644 824; baseline -0.002 -6"><span class='ocrx_word' id='word_1_137' title='bbox 162 810 166 813; x_wconf 88' lang='lat'>·</span> <span class='ocrx_word' id='word_1_138' title='bbox 187 797 274 818; x_wconf 81' lang='lat' dir='ltr'>animiter</span> <span class='ocrx_word' id='word_1_139' title='bbox 284 796 329 817; x_wconf 81' lang='lat' dir='ltr'>idem</span> <span class='ocrx_word' id='word_1_140' title='bbox 340 796 362 816; x_wconf 82' lang='lat' dir='ltr'>de</span> <span class='ocrx_word' id='word_1_141' title='bbox 374 804 396 816; x_wconf 79' lang='lat' dir='ltr'>ea</span> <span class='ocrx_word' id='word_1_142' title='bbox 401 796 501 824; x_wconf 74' lang='lat' dir='ltr'>fintiant5</span> <span class='ocrx_word' id='word_1_143' title='bbox 515 797 569 824; x_wconf 86' lang='lat' dir='ltr'>quod</span> <span class='ocrx_word' id='word_1_144' title='bbox 579 802 644 817; x_wconf 62' lang='lat' dir='ltr'>umen</span> 
     </span>
     <span class='ocr_line' id='line_1_21' title="bbox 70 824 644 853; baseline -0.002 -7"><span class='ocrx_word' id='word_1_145' title='bbox 70 826 87 846; x_wconf 83' lang='lat' dir='ltr'>is</span> <span class='ocrx_word' id='word_1_146' title='bbox 95 825 177 853; x_wconf 66' lang='lat' dir='ltr'><em>defhBo</em></span> <span class='ocrx_word' id='word_1_147' title='bbox 186 824 283 845; x_wconf 60' lang='lat' dir='ltr'>falfiffime</span> <span class='ocrx_word' id='word_1_148' title='bbox 293 824 409 849; x_wconf 78' lang='lat' dir='ltr'>affirmabat,</span> <span class='ocrx_word' id='word_1_149' title='bbox 420 825 440 845; x_wconf 88' lang='lat' dir='ltr'>id</span> <span class='ocrx_word' id='word_1_150' title='bbox 451 832 490 852; x_wconf 84' lang='lat' dir='ltr'>ego</span> <span class='ocrx_word' id='word_1_151' title='bbox 502 832 554 845; x_wconf 90' lang='lat' dir='ltr'>nunc</span> <span class='ocrx_word' id='word_1_152' title='bbox 566 825 590 845; x_wconf 87' lang='lat' dir='ltr'>de</span> <span class='ocrx_word' id='word_1_153' title='bbox 600 825 644 851; x_wconf 87' lang='lat' dir='ltr'>jure</span> 
     </span>
     <span class='ocr_line' id='line_1_22' title="bbox 70 852 644 887; baseline -0.004 -13"><span class='ocrx_word' id='word_1_154' title='bbox 70 854 126 881; x_wconf 82' lang='lat' dir='ltr'>regio</span> <span class='ocrx_word' id='word_1_155' title='bbox 136 854 284 887; x_wconf 58' lang='lat' dir='ltr'>disceptaturus,</span> <span class='ocrx_word' id='word_1_156' title='bbox 294 857 363 880; x_wconf 85' lang='lat' dir='ltr'>potero</span> <span class='ocrx_word' id='word_1_157' title='bbox 375 853 395 872; x_wconf 87' lang='lat' dir='ltr'>in</span> <span class='ocrx_word' id='word_1_158' title='bbox 409 852 473 880; x_wconf 88' lang='lat' dir='ltr'>ipsum</span> <span class='ocrx_word' id='word_1_159' title='bbox 483 852 579 873; x_wconf 58' lang='lat' dir='ltr'>veriffimb</span> <span class='ocrx_word' id='word_1_160' title='bbox 591 853 644 873; x_wconf 82' lang='lat' dir='ltr'>affir-</span> 
     </span>
     <span class='ocr_line' id='line_1_23' title="bbox 71 880 646 908; baseline -0.003 -6"><span class='ocrx_word' id='word_1_161' title='bbox 71 889 134 902; x_wconf 82' lang='lat' dir='ltr'>mare</span> <span class='ocrx_word' id='word_1_162' title='bbox 164 880 219 901; x_wconf 86' lang='lat' dir='ltr'>Cum</span> <span class='ocrx_word' id='word_1_163' title='bbox 228 881 283 900; x_wconf 88' lang='lat' dir='ltr'>enim</span> <span class='ocrx_word' id='word_1_164' title='bbox 291 887 359 907; x_wconf 81' lang='lat' dir='ltr'>regem</span> <span class='ocrx_word' id='word_1_165' title='bbox 368 880 455 904; x_wconf 79' lang='lat' dir='ltr'>definiat,</span> <span class='ocrx_word' id='word_1_166' title='bbox 465 880 517 907; x_wconf 84' lang='lat' dir='ltr'>cujus</span> <span class='ocrx_word' id='word_1_167' title='bbox 522 880 613 908; x_wconf 70' lang='lat' dir='ltr'>staprema</span> <span class='ocrx_word' id='word_1_168' title='bbox 621 880 646 907; x_wconf 79' lang='lat' dir='ltr'>est</span> 
     </span>
     <span class='ocr_line' id='line_1_24' title="bbox 70 908 648 941; baseline -0.003 -11"><span class='ocrx_word' id='word_1_169' title='bbox 70 910 90 930; x_wconf 77' lang='lat' dir='ltr'>in</span> <span class='ocrx_word' id='word_1_170' title='bbox 102 916 159 936; x_wconf 77' lang='lat' dir='ltr'>regno</span> <span class='ocrx_word' id='word_1_171' title='bbox 167 909 253 941; x_wconf 62' lang='lat' dir='ltr'>potqstas,</span> <span class='ocrx_word' id='word_1_172' title='bbox 264 908 313 928; x_wconf 85' lang='lat' dir='ltr'>nulli</span> <span class='ocrx_word' id='word_1_173' title='bbox 321 908 356 929; x_wconf 82' lang='lat' dir='ltr'>alii</span> <span class='ocrx_word' id='word_1_174' title='bbox 367 908 402 934; x_wconf 78' lang='lat' dir='ltr'>nfi</span> <span class='ocrx_word' id='word_1_175' title='bbox 414 909 455 928; x_wconf 77' lang='lat' dir='ltr'>Deo</span> <span class='ocrx_word' id='word_1_176' title='bbox 464 908 546 931; x_wconf 76' lang='lat' dir='ltr'>obnoxia,</span> <span class='ocrx_word' id='word_1_177' title='bbox 558 909 591 928; x_wconf 79' lang='lat' dir='ltr'>cui</span> <span class='ocrx_word' id='word_1_178' title='bbox 611 908 648 928; x_wconf 86' lang='lat' dir='ltr'>uod</span> 
     </span>
     <span class='ocr_line' id='line_1_25' title="bbox 70 936 646 969; baseline -0.003 -11"><span class='ocrx_word' id='word_1_179' title='bbox 70 937 116 958; x_wconf 78' lang='lat' dir='ltr'><em>libet</em></span> <span class='ocrx_word' id='word_1_180' title='bbox 125 937 177 961; x_wconf 74' lang='lat' dir='ltr'>licet,</span> <span class='ocrx_word' id='word_1_181' title='bbox 186 937 219 964; x_wconf 78' lang='lat' dir='ltr'>qui</span> <span class='ocrx_word' id='word_1_182' title='bbox 228 936 375 963; x_wconf 75' lang='lat' dir='ltr'>Iegibussblutus</span> <span class='ocrx_word' id='word_1_183' title='bbox 383 936 415 969; x_wconf 85' lang='lat' dir='ltr'>est,</span> <span class='ocrx_word' id='word_1_184' title='bbox 425 936 521 963; x_wconf 87' lang='lat' dir='ltr'>fiquidem</span> <span class='ocrx_word' id='word_1_185' title='bbox 535 936 555 956; x_wconf 91' lang='lat' dir='ltr'>id</span> <span class='ocrx_word' id='word_1_186' title='bbox 569 936 593 956; x_wconf 86' lang='lat' dir='ltr'>de</span> <span class='ocrx_word' id='word_1_187' title='bbox 609 936 646 956; x_wconf 85' lang='lat' dir='ltr'>niri</span> 
     </span>
     <span class='ocr_line' id='line_1_26' title="bbox 71 964 646 991; baseline -0.002 -6"><span class='ocrx_word' id='word_1_188' title='bbox 71 965 179 986; x_wconf 83' lang='lat' dir='ltr'>dicendum</span> <span class='ocrx_word' id='word_1_189' title='bbox 188 965 224 988; x_wconf 84' lang='lat' dir='ltr'>est,</span> <span class='ocrx_word' id='word_1_190' title='bbox 233 964 287 991; x_wconf 84' lang='lat' dir='ltr'>quod</span> <span class='ocrx_word' id='word_1_191' title='bbox 296 964 409 984; x_wconf 85' lang='lat' dir='ltr'>infinitum</span> <span class='ocrx_word' id='word_1_192' title='bbox 403 971 423 984; x_wconf 84' lang='lat' dir='ltr'>m</span> <span class='ocrx_word' id='word_1_193' title='bbox 433 964 487 984; x_wconf 85' lang='lat' dir='ltr'>terris</span> <span class='ocrx_word' id='word_1_194' title='bbox 495 964 582 991; x_wconf 81' lang='lat' dir='ltr'>ponitur,</span> <span class='ocrx_word' id='word_1_195' title='bbox 590 964 646 984; x_wconf 84' lang='lat' dir='ltr'>evin-</span> 
     </span>
     <span class='ocr_line' id='line_1_27' title="bbox 71 991 646 1020; baseline -0.003 -6"><span class='ocrx_word' id='word_1_196' title='bbox 71 1000 118 1014; x_wconf 77' lang='lat' dir='ltr'>cam</span> <span class='ocrx_word' id='word_1_197' title='bbox 135 1000 173 1020; x_wconf 84' lang='lat' dir='ltr'>ego</span> <span class='ocrx_word' id='word_1_198' title='bbox 187 992 255 1013; x_wconf 61' lang='lat' dir='ltr'><strong>comta</strong></span> <span class='ocrx_word' id='word_1_199' title='bbox 270 999 310 1012; x_wconf 91' lang='lat' dir='ltr'>non</span> <span class='ocrx_word' id='word_1_200' title='bbox 327 993 377 1012; x_wconf 80' lang='lat' dir='ltr'>meis</span> <span class='ocrx_word' id='word_1_201' title='bbox 390 991 475 1015; x_wconf 79' lang='lat' dir='ltr'>tantum,</span> <span class='ocrx_word' id='word_1_202' title='bbox 491 992 523 1012; x_wconf 87' lang='lat' dir='ltr'>sed</span> <span class='ocrx_word' id='word_1_203' title='bbox 538 992 569 1012; x_wconf 86' lang='lat' dir='ltr'>vel</span> <span class='ocrx_word' id='word_1_204' title='bbox 587 992 646 1019; x_wconf 86' lang='lat' dir='ltr'>ipfius</span> 
     </span>
     <span class='ocr_line' id='line_1_28' title="bbox 72 1019 647 1048; baseline -0.002 -7"><span class='ocrx_word' id='word_1_205' title='bbox 72 1021 197 1044; x_wconf 80' lang='lat' dir='ltr'>testimoniis,</span> <span class='ocrx_word' id='word_1_206' title='bbox 207 1025 227 1040; x_wconf 85' lang='lat' dir='ltr'>et</span> <span class='ocrx_word' id='word_1_207' title='bbox 236 1020 351 1044; x_wconf 78' lang='lat' dir='ltr'>rationibus,</span> <span class='ocrx_word' id='word_1_208' title='bbox 359 1019 434 1040; x_wconf 65' lang='lat' dir='ltr'>nulum</span> <span class='ocrx_word' id='word_1_209' title='bbox 444 1025 524 1047; x_wconf 84' lang='lat' dir='ltr'>gentem</span> <span class='ocrx_word' id='word_1_210' title='bbox 536 1025 570 1040; x_wconf 76' lang='lat' dir='ltr'>aut</span> <span class='ocrx_word' id='word_1_211' title='bbox 582 1027 647 1048; x_wconf 82' lang='lat' dir='ltr'>popu-</span> 
     </span>
     <span class='ocr_line' id='line_1_29' title="bbox 73 1048 647 1076; baseline -0.003 -7"><span class='ocrx_word' id='word_1_212' title='bbox 73 1050 124 1073; x_wconf 86' lang='lat' dir='ltr'>lum,</span> <span class='ocrx_word' id='word_1_213' title='bbox 132 1049 167 1076; x_wconf 89' lang='lat' dir='ltr'>qui</span> <span class='ocrx_word' id='word_1_214' title='bbox 177 1048 259 1076; x_wconf 86' lang='lat' dir='ltr'>quidem</span> <span class='ocrx_word' id='word_1_215' title='bbox 267 1048 308 1068; x_wconf 83' lang='lat' dir='ltr'>ullo</span> <span class='ocrx_word' id='word_1_216' title='bbox 316 1055 399 1068; x_wconf 84' lang='lat' dir='ltr'>numero</span> <span class='ocrx_word' id='word_1_217' title='bbox 405 1048 436 1071; x_wconf 86' lang='lat' dir='ltr'>fit,</span> <span class='ocrx_word' id='word_1_218' title='bbox 444 1055 490 1068; x_wconf 83' lang='lat' dir='ltr'>nam</span> <span class='ocrx_word' id='word_1_219' title='bbox 497 1054 578 1068; x_wconf 87' lang='lat' dir='ltr'>omnem</span> <span class='ocrx_word' id='word_1_220' title='bbox 586 1055 647 1075; x_wconf 86' lang='lat' dir='ltr'>pene-</span> 
     </span>
     <span class='ocr_line' id='line_1_30' title="bbox 73 1075 665 1103; baseline -0.003 -6"><span class='ocrx_word' id='word_1_221' title='bbox 73 1082 124 1097; x_wconf 75' lang='lat' dir='ltr'>trare</span> <span class='ocrx_word' id='word_1_222' title='bbox 139 1076 248 1097; x_wconf 69' lang='lat' dir='ltr'>barbariem</span> <span class='ocrx_word' id='word_1_223' title='bbox 262 1075 335 1096; x_wconf 82' lang='lat' dir='ltr'>neceffe</span> <span class='ocrx_word' id='word_1_224' title='bbox 347 1083 387 1096; x_wconf 85' lang='lat' dir='ltr'>non</span> <span class='ocrx_word' id='word_1_225' title='bbox 399 1076 440 1099; x_wconf 86' lang='lat' dir='ltr'>est;</span> <span class='ocrx_word' id='word_1_226' title='bbox 461 1076 543 1098; x_wconf 83' lang='lat' dir='ltr'>nullam,</span> <span class='ocrx_word' id='word_1_227' title='bbox 557 1076 647 1103; x_wconf 87' lang='lat' dir='ltr'>inquam,</span> <span class='ocrx_word' id='word_1_228' title='bbox 663 1083 665 1086; x_wconf 55' lang='lat'>&gt;</span> 
     </span>
     <span class='ocr_line' id='line_1_31' title="bbox 73 1103 647 1132; baseline -0.005 -6"><span class='ocrx_word' id='word_1_229' title='bbox 73 1109 155 1132; x_wconf 80' lang='lat' dir='ltr'>gentem</span> <span class='ocrx_word' id='word_1_230' title='bbox 162 1103 317 1130; x_wconf 83' lang='lat' dir='ltr'>istiustnodijura</span> <span class='ocrx_word' id='word_1_231' title='bbox 323 1109 356 1124; x_wconf 80' lang='lat' dir='ltr'>aut</span> <span class='ocrx_word' id='word_1_232' title='bbox 362 1104 478 1131; x_wconf 78' lang='lat' dir='ltr'>potestatem</span> <span class='ocrx_word' id='word_1_233' title='bbox 483 1104 525 1131; x_wconf 86' lang='lat' dir='ltr'>regi</span> <span class='ocrx_word' id='word_1_234' title='bbox 531 1104 647 1127; x_wconf 79' lang='lat' dir='ltr'>conceffiffe,</span> 
     </span>
     <span class='ocr_line' id='line_1_32' title="bbox 73 1131 648 1160; baseline -0.002 -7"><span class='ocrx_word' id='word_1_235' title='bbox 73 1138 96 1153; x_wconf 78' lang='lat' dir='ltr'>ut</span> <span class='ocrx_word' id='word_1_236' title='bbox 107 1132 256 1164; x_wconf 42' lang='lat' dir='ltr'>legibussblutu&#39;s</span> <span class='ocrx_word' id='word_1_237' title='bbox 267 1132 315 1159; x_wconf 75' lang='lat' dir='ltr'>fft,</span> <span class='ocrx_word' id='word_1_238' title='bbox 326 1136 347 1151; x_wconf 82' lang='lat' dir='ltr'>ut</span> <span class='ocrx_word' id='word_1_239' title='bbox 359 1131 407 1159; x_wconf 84' lang='lat' dir='ltr'>quod</span> <span class='ocrx_word' id='word_1_240' title='bbox 416 1131 460 1151; x_wconf 74' lang='lat' dir='ltr'>libet</span> <span class='ocrx_word' id='word_1_241' title='bbox 472 1132 543 1155; x_wconf 75' lang='lat' dir='ltr'>liceret,</span> <span class='ocrx_word' id='word_1_242' title='bbox 557 1136 578 1152; x_wconf 78' lang='lat' dir='ltr'>ut</span> <span class='ocrx_word' id='word_1_243' title='bbox 589 1139 648 1152; x_wconf 83' lang='lat' dir='ltr'>omnes</span> 
     </span>
     <span class='ocr_line' id='line_1_33' title="bbox 64 1158 647 1188; baseline -0.005 -5.979"><span class='ocrx_word' id='word_1_244' title='bbox 64 1158 174 1188; x_wconf 61' lang='lat' dir='ltr'>justas-tt,</span> <span class='ocrx_word' id='word_1_245' title='bbox 180 1160 193 1180; x_wconf 73' lang='grc' dir='ltr'><em>ἃ</em></span> <span class='ocrx_word' id='word_1_246' title='bbox 201 1159 402 1186; x_wconf 72' lang='lat' dir='ltr'>neminejudicaretur‚·</span> <span class='ocrx_word' id='word_1_247' title='bbox 417 1166 453 1179; x_wconf 80' lang='lat' dir='ltr'>nec</span> <span class='ocrx_word' id='word_1_248' title='bbox 459 1159 506 1179; x_wconf 75' lang='grc' dir='ltr'>νεῐὸ</span> <span class='ocrx_word' id='word_1_249' title='bbox 513 1160 577 1179; x_wconf 88' lang='lat' dir='ltr'>ullum</span> <span class='ocrx_word' id='word_1_250' title='bbox 583 1160 647 1186; x_wconf 89' lang='lat' dir='ltr'>cujus-</span> 
     </span>
     <span class='ocr_line' id='line_1_34' title="bbox 72 1187 648 1216; baseline -0.003 -7"><span class='ocrx_word' id='word_1_251' title='bbox 72 1196 153 1216; x_wconf 84' lang='lat' dir='ltr'>cunque</span> <span class='ocrx_word' id='word_1_252' title='bbox 160 1188 224 1215; x_wconf 84' lang='lat' dir='ltr'>gentis</span> <span class='ocrx_word' id='word_1_253' title='bbox 232 1193 272 1208; x_wconf 82' lang='lat' dir='ltr'>tam</span> <span class='ocrx_word' id='word_1_254' title='bbox 280 1187 356 1208; x_wconf 86' lang='lat' dir='ltr'>servili&#39;</span> <span class='ocrx_word' id='word_1_255' title='bbox 351 1187 431 1214; x_wconf 74' lang='lat' dir='ltr'>ingenio</span> <span class='ocrx_word' id='word_1_256' title='bbox 438 1187 529 1207; x_wconf 72' lang='lat' dir='ltr'>exstitisse</span> <span class='ocrx_word' id='word_1_257' title='bbox 537 1192 593 1215; x_wconf 85' lang='lat' dir='ltr'>puto,</span> <span class='ocrx_word' id='word_1_258' title='bbox 599 1194 648 1215; x_wconf 76' lang='lat' dir='ltr'>prae-</span> 
     </span>
     <span class='ocr_line' id='line_1_35' title="bbox 73 1215 648 1242; baseline -0.005 -4"><span class='ocrx_word' id='word_1_259' title='bbox 73 1222 103 1238; x_wconf 82' lang='lat' dir='ltr'>ter</span> <span class='ocrx_word' id='word_1_260' title='bbox 113 1223 177 1237; x_wconf 87' lang='lat' dir='ltr'>unum</span> <span class='ocrx_word' id='word_1_261' title='bbox 185 1216 307 1239; x_wconf 78' lang='lat' dir='ltr'>Salmafium,</span> <span class='ocrx_word' id='word_1_262' title='bbox 315 1216 350 1242; x_wconf 91' lang='lat' dir='ltr'>qui</span> <span class='ocrx_word' id='word_1_263' title='bbox 359 1220 485 1242; x_wconf 76' lang='lat' dir='ltr'>tyrannorum</span> <span class='ocrx_word' id='word_1_264' title='bbox 494 1215 588 1235; x_wconf 82' lang='lat' dir='ltr'>immania</span> <span class='ocrx_word' id='word_1_265' title='bbox 596 1222 648 1242; x_wconf 79' lang='lat' dir='ltr'>quae-</span> 
     </span>
    </p>
   </div>
   <div class='ocr_carea' id='block_1_6' title="bbox 71 714 174 820">
    <p class='ocr_par' dir='ltr' id='par_1_7' title="bbox 71 714 174 820">
     <span class='ocr_line' id='line_1_36' title="bbox 71 714 174 820; baseline 0.058 -6"><span class='ocrx_word' id='word_1_266' title='bbox 71 714 171 814; x_wconf 95' lang='lat' dir='ltr'>   </span> <span class='ocrx_word' id='word_1_267' title='bbox 159 814 174 820; x_wconf 95' lang='lat' dir='ltr'> </span> 
     </span>
    </p>
   </div>
  </div>
 </body>
</html>
