2888 5204
66 168 144 244 104
343 129 434 219 Pro
461 122 647 257 Populo
674 122 945 253 Anglicano
1246 39 1262 253 i

69 300 559 395 Subditis,sublatossuisse.
594 304 732 410 Cyrum
742 302 823 411 ipse
834 302 1205 413 rebellcffl,etarrcp-·
1257 322 1260 327 ·

68 410 352 543 tastyrannrdes
369 412 408 493 in
427 410 580 518 dioerstr
594 413 740 523 imperii
750 413 1001 522 locisfaterir.
1040 415 1207 495 Hocciue

34 587 49 611 ,
70 526 126 606 est
138 553 203 632 Jus
222 527 377 631 regium
390 526 493 635 apud
506 525 651 606 Medos
665 543 705 605 et
721 525 868 620 Persas,
883 545 925 607 et
938 525 1211 608 observantiam

69 664 207 718 eorum
221 638 262 716 in
275 663 398 743 reges,
409 637 515 745 quod
527 637 741 731 instituisti,
755 637 941 719 asserere?
969 639 1211 749 QaeteAu-

71 750 191 858 ticyra
201 767 283 828 tam
294 748 463 829 delirum
472 747 601 829 sanare
612 748 759 859 potest?
792 749 1117 858 Perstsrumreges
1207 747 1216 765 ⁰
1259 786 1262 817 ÷

59 860 154 967 jure
168 860 364 968 regnarint
383 891 428 941 ex
448 861 647 955 Herodoto,
668 862 814 970 inquis,
833 862 962 973 liquet.
1022 749 1214 972 caroffi
1260 868 1262 949 ζ

72 970 166 1053 cum
188 973 358 1053 sororem
378 972 419 1052 in
439 974 693 1053 matrimonio
715 973 859 1054 habere
879 993 1060 1084 cuperet,
1074 973 1216 1081 judicet
1260 980 1262 989 '

73 1086 200 1193 regios
214 1083 395 1179 consulit,
415 1086 586 1165 deledios
604 1114 650 1165 ex
662 1087 795 1195 populo
808 1085 924 1180 viros,
945 1085 1088 1194 legum
1107 1087 1218 1167 inter·

72 1216 214 1307 protes,
227 1196 273 1276 ad
286 1225 384 1305 quos
399 1197 533 1276 omnia
545 1194 681 1277 referri
695 1197 882 1277 solebant.
915 1196 1030 1309 Qud
1041 1198 1133 1279 illi?
1157 1224 1218 1277 ne-

73 1327 167 1416 gant
186 1308 222 1388 se
243 1310 416 1388 invenire
436 1308 569 1416 legem
588 1336 675 1416 quae
688 1308 825 1415 jubeat
843 1308 1006 1391 fratrem
1027 1309 1163 1391 secum
1183 1310 1220 1390 in

72 1421 373 1501 matrimonium
402 1419 573 1500 sororem
589 1420 783 1528 jungere;
813 1421 934 1504 aliam
958 1440 1095 1502 tamen
1116 1420 1220 1503 invo-

72 1532 181 1627 nisse,
193 1534 271 1640 qud
286 1533 400 1612 liceat
412 1531 616 1612 Persarum
629 1534 713 1640 regi
728 1531 854 1613 facere
866 1561 953 1641 quae
964 1534 1101 1614 libeat.
1139 1534 1221 1615 Pri-

75 1641 188 1724 mum
215 1643 242 1723 fi
270 1671 339 1724 rex
362 1644 496 1722 omnia
522 1672 594 1753 pro
622 1643 689 1723 suo
706 1643 796 1750 jure
823 1664 992 1756 poterat,
1022 1645 1124 1754 quid
1150 1646 1221 1727 alio

73 1756 210 1865 legum
227 1757 436 1866 interprete
452 1753 572 1863 quam
588 1755 671 1865 ipso
687 1783 779 1863 rege
792 1784 893 1866 opus
904 1757 1014 1838 erat?
1045 1756 1221 1868 superva-

73 1865 1222 1977 caneiistijudicesubivispotiusquiminregiamansifl'ent.

75 1980 232 2061 Deinde
252 1980 280 2060 s1
304 1981 408 2089 Regi
431 1978 636 2058 Persarum
662 1979 818 2089 quidvis
841 1981 969 2075 licuit,
998 1980 1225 2062 incredibile

75 2092 189 2173 estid
209 2091 306 2174 adeo
325 2090 521 2172 nescivisse
545 2090 784 2199 Cambysem
807 2091 1086 2174 dominationis
1113 2093 1224 2202 cupi·

76 2205 292 2299 diffimum,
313 2223 358 2284 ut
376 2203 473 2312 quid
493 2202 650 2282 licitum
669 2202 775 2298 esset,
789 2203 943 2309 judices
957 2203 1047 2286 illos
1060 2230 1224 2315 percon·

77 2333 235 2399 taretur.
296 2316 408 2427 Qid
424 2315 545 2423 ergo?
575 2314 638 2394 vel
649 2315 871 2424 grotficari
881 2317 1058 2397 volentes
1071 2316 1170 2424 regi,
1184 2332 1225 2397 ut

77 2426 209 2507 fateris
229 2428 241 2505 i
273 2425 324 2520 se,
338 2427 401 2506 vel
415 2423 436 2504 a
449 2446 612 2534 tyranno
628 2426 697 2506 fibi
712 2447 947 2523 metuenteS,
963 2447 1009 2508 ut
1022 2428 1078 2509 ait
1094 2429 1225 2508 Hero-

76 2539 205 2634 dotus,
227 2456 385 2618 sicilem
405 2538 603 2647 quandam
623 2537 660 2617 se
681 2538 860 2648 reperisse
880 2539 1011 2647 legem
1031 2539 1226 2632 fimulant,

77 2652 241 2761 palpum
255 2651 337 2758 regi
350 2651 627 2730 obtrudentes:
658 2651 766 2758 quod
780 2652 821 2730 in
827 2651 1026 2756 judicibus
1040 2670 1081 2731 et
1092 2650 1227 2761 legum

79 2765 215 2874 peritis
228 2760 302 2842 hac
318 2763 437 2842 etiam
453 2780 561 2843 aetate
579 2790 726 2841 novum
744 2763 905 2842 nonest.
962 2764 1020 2843 At
1034 2761 1131 2844 verb
1147 2766 1228 2844 Ar·

77 2875 238 2956 tabanus
254 2872 372 2981 Persa
386 2872 484 2954 dricit
497 2892 540 2953 at
561 2874 685 2954 Themi
712 2874 834 2969 oclem,
850 2876 990 2955 nullam
1004 2875 1119 2983 legem
1134 2870 1233 2984 apud

80 2987 219 3094 Persas
236 2986 301 3097 ff
322 2985 503 3066 meliorem
530 2984 598 3064 illd
645 2986 695 3065 ud
710 2986 902 3091 stancitum
915 2987 1080 3094 fuerat,·
1110 3014 1229 3095 regem

79 3096 399 3211 ffhonorandum
413 3117 450 3178 et
461 3015 700 3177 adorandam.
761 3099 991 3179 Praeclaram
1006 3119 1048 3179 tu
1066 3098 1229 3206 quidem

32 3260 42 3272 ·
79 3214 211 3323 legem
231 3211 279 3292 de
299 3211 523 3291 adoratione
544 3236 684 3316 regum
703 3210 916 3291 introducis
935 3211 1057 3290 etiam
1072 3207 1095 3289 a
1112 3211 1232 3318 patri·

81 3324 154 3406 bus
170 3324 339 3433 antiquis
352 3323 575 3403 damnatam
590 3352 601 3415 3
632 3322 860 3430 praclarum
876 3323 996 3402 etiam
1007 3322 1107 3429 legis
1119 3349 1232 3404 com·

83 3438 353 3517 mendatorem
371 3433 633 3526 Artabanum,
649 3433 720 3541 qui
739 3433 819 3543 ipse
835 3431 940 3513 haud
956 3433 1085 3513 multo
1102 3434 1232 3542 postea

81 3548 147 3628 sua
166 3575 285 3627 manu
307 3547 484 3626 Xerxem
504 3573 640 3653 regem
665 3545 779 3625 suum
799 3545 1021 3625 trucidavit.
1082 3545 1230 3627 Probos

80 3687 223 3768 regum
242 3655 459 3738 defensores
478 3657 667 3764 regicidas
687 3658 799 3738 nobis
819 3655 970 3738 adfers:
1002 3655 1176 3765 suspicor
1195 3676 1231 3737 te

82 3771 240 3879 regibus
260 3770 410 3849 infidias
430 3769 616 3878 quasdam
640 3768 786 3854 moliri.
847 3768 1116 3849 Claudianum
1137 3769 1232 3848 citas

83 3891 258 3994 positam,
280 3880 485 3962 Persarum
504 3881 736 3961 obedientia
755 3880 907 3960 testem.
967 3882 1024 3961 At
1038 3907 1115 3987 ego
1130 3898 1170 3959 te
1185 3878 1233 3959 ad

82 4025 142 4076 res
154 4023 292 4075 eorum
305 3993 427 4100 gestas
443 4012 482 4073 et
496 3993 651 4072 annales
668 4020 822 4086 revoc0,
838 3991 1124 4072 defedionibus
1136 3991 1233 4072 Per-

82 4108 225 4200 sarum,
269 4105 501 4199 Medorum,
546 4105 859 4198 Bactrianorum,
905 4103 1233 4212 Babyloniorum,

81 4222 202 4301 etiam
229 4216 397 4298 caedibus
423 4244 564 4325 regum
588 4215 865 4298 resertiffimos.
896 4252 905 4259 ·
926 4216 1138 4296 Proximus
1162 4214 1236 4295 tibi

80 4332 221 4415 author
240 4330 296 4412 est
317 4331 466 4425 Otanes
480 4329 607 4425 Persa,
625 4327 704 4439 ipse
720 4330 840 4412 etiam
857 4327 1029 4410 Smerdis
1045 4324 1232 4410 intersec-
