2888 5204
408 525 649 627 Desensro.
690 535 808 666 Cap.
842 564 884 628 a.
1165 571 1185 649 3
1193 569 1215 652 5

58 706 323 813 gravitatem?
354 706 620 801 rexanlatr03
652 734 702 786 an
714 706 870 787 aliunde
884 703 1003 785 hostis
1015 705 1211 815 populum

58 818 229 911 occidat,
242 817 418 926 diripiat,
433 819 474 897 in
488 817 713 899 servitutem
727 839 831 927 agat,
844 819 984 898 eodem
997 815 1101 897 certe
1106 817 1211 923 jure,

57 949 97 1009 et
115 928 228 1009 hunc
242 947 284 1009 et
302 930 418 1009 illum
437 928 618 1010 humanae
629 930 820 1011 societatis
835 930 1061 1024 inimicum,
1075 949 1114 1010 et
1126 928 1212 1037 pes-

59 1060 144 1121 tem
161 1040 402 1150 propulsare,
415 1060 532 1150 atque
544 1042 678 1123 ulcisci
689 1043 901 1137 debemus;
932 1042 1059 1121 immo
1074 1068 1211 1148 regem

59 1150 108 1232 eb
120 1153 265 1259 justius
284 1151 391 1259 qubd
412 1154 443 1233 is
464 1173 523 1234 tot
548 1153 748 1234 beneficiis
771 1172 811 1235 et
835 1152 1050 1234 honoribus
1073 1152 1211 1232 nostris

59 1268 200 1344 auctus
218 1264 465 1344 commissam
484 1265 555 1344 fibi
573 1265 642 1345 sub
650 1265 875 1370 juramento
889 1266 1090 1374 publicam
1110 1263 1211 1343 salu-

60 1394 144 1456 tem
168 1377 322 1485 prodat.
383 1376 578 1458 Concedis
605 1376 803 1487 postremo
829 1378 924 1484 leges
946 1373 1081 1457 darid
1110 1375 1213 1481 Mose

47 1486 255 1593 secundam
283 1516 376 1596 quas
401 1518 469 1568 rex
495 1488 557 1568 ille
580 1487 790 1599 quandoque
818 1488 1002 1596 eligendus
1031 1488 1213 1597 imperare

60 1597 230 1694 debebat,
249 1599 419 1707 quamvis
435 1598 601 1706 diverstrs
614 1600 662 1681 ab
676 1600 736 1680 illo
744 1599 838 1706 jure
856 1600 952 1711 quod
968 1600 1119 1680 Samuel
1118 1616 1212 1708 pro·

54 1709 193 1820 posteit.
253 1711 375 1818 Qrod
393 1739 489 1791 cum
507 1711 708 1792 assertione
728 1732 795 1792 tua
814 1712 1024 1821 dupliciter
1043 1731 1211 1820 pugnat;

60 1821 159 1902 ciam
178 1823 288 1902 enim
311 1850 447 1929 regem
466 1821 618 1930 legibus
642 1826 807 1904 omnino
831 1824 1002 1904 solutum
1025 1822 1213 1932 posueris,

61 1962 170 2014 nunc
183 1933 544 2016 obstrictumdicis:
574 1935 739 2041 deinjus
754 1935 834 2042 juri
848 1937 1088 2016 contrarium
1101 1933 1213 2045 ponis

62 2046 251 2127 Mofiset
269 2046 475 2139 Samuelis,
494 2047 601 2153 quod
620 2047 677 2127 est
689 2047 910 2130 absurdum.
956 2046 1138 2152 Atservi,
1151 2046 1213 2124 in-

61 2158 153 2265 quit
173 2156 387 2266 Propheta,
405 2187 472 2245 vos
493 2158 599 2238 eritis
619 2160 713 2267 regi.
773 2161 833 2239 Ut
852 2159 977 2239 servos
1000 2157 1111 2239 suiffe
1135 2185 1213 2236 non

62 2269 288 2364 abnuerim,
311 2296 390 2349 non
412 2268 502 2375 jure
531 2288 663 2349 tamen
695 2272 804 2378 regio
829 2269 927 2350 servi
952 2270 1126 2361 fuerunt,
1151 2267 1214 2347 sed

63 2408 209 2489 regum
227 2379 380 2461 sortasse
399 2382 665 2491 plurimorum
685 2382 933 2491 usurpatione
954 2399 993 2461 et
1013 2377 1213 2486 injustitia.

65 2493 186 2573 Illam
216 2493 325 2573 enim
352 2493 586 2601 petitionem
615 2495 849 2575 obstinatam
876 2520 956 2574 non
977 2491 1065 2597 jure
1090 2490 1214 2597 regio,

65 2605 131 2684 sed
150 2604 220 2685 suo
239 2604 382 2684 merito
396 2605 438 2684 in
454 2631 605 2713 paenam
620 2606 698 2685 illis
713 2605 901 2686 cessuram
914 2602 1107 2714 propheta
1118 2629 1215 2710 prae-

65 2717 239 2797 monuit.
296 2717 354 2796 At
372 2715 466 2795 verb
489 2717 518 2796 fi
536 2717 621 2823 regi
640 2718 793 2825 legibus
813 2716 938 2797 soluto
956 2714 1145 2824 quicquid
1165 2713 1215 2791 li-

65 2829 133 2908 bet
153 2827 325 2921 licuerit,
346 2826 523 2936 profedtb
543 2855 613 2907 rex
632 2828 750 2937 longb
774 2830 862 2938 plus
886 2825 1007 2936 quam
1031 2827 1216 2908 dominus

65 2941 156 3033 erit,
183 2939 354 3049 populus
380 2937 482 3020 infra
505 2941 688 3021 omnium
716 2940 915 3020 servorum
941 2938 1098 3020 infimos
1129 2937 1217 3047 plus

66 3049 190 3159 quam
216 3049 391 3130 infimus.
451 3053 591 3130 Servus
617 3054 727 3132 enim
745 3052 808 3131 vel
837 3051 1055 3157 alienigena
1084 3051 1216 3156 legem

67 3163 151 3243 Dei
170 3163 368 3242 vindicem
384 3162 614 3268 injuriosum
632 3166 673 3243 in
692 3164 900 3244 dominum
919 3160 1112 3255 habebat;
1143 3189 1216 3269 po·

66 3273 185 3385 pulus
213 3273 428 3367 universus,
455 3274 577 3355 libera
600 3277 791 3355 nimirum
817 3302 927 3382 gens,
952 3274 1152 3353 vindicem
1176 3272 1218 3349 in

68 3386 183 3465 terris
209 3389 426 3479 neminem,
453 3386 604 3466 nullam
632 3388 763 3494 legem
789 3384 964 3480 habebit,
990 3385 1070 3493 qub
1096 3382 1215 3476 laesus,

68 3493 239 3577 afflictus
261 3518 302 3578 et
327 3496 509 3606 spoliatus
535 3496 763 3606 confugiat:
806 3494 828 3576 ὲ
860 3498 1041 3577 servitute
1075 3521 1216 3600 regum

68 3609 353 3717 AEgyptiorum
371 3608 461 3688 ideo
484 3608 682 3704 liberatus,
703 3629 748 3689 ut
766 3608 835 3687 uni
858 3637 908 3688 ex
932 3605 1115 3687 fratribus
1142 3604 1217 3683 suis

68 3721 244 3814 duriore,
268 3721 297 3800 fi
319 3720 453 3814 libeat,
473 3720 655 3801 servitute
681 3712 963 3831 opprimendus
989 3718 1216 3799 traderetur.

71 3831 198 3944 Qod
217 3859 310 3912 cum
331 3859 457 3940 neque
481 3832 621 3912 divinae
643 3833 738 3939 legi,
759 3861 831 3912 nec
855 3832 996 3912 rationi
1018 3828 1218 3911 consenta-

69 3971 195 4025 neum
213 3943 273 4036 sit,
293 3943 461 4023 dubium
480 3945 630 4023 nemini
649 3943 724 4024 effe
747 3944 887 4054 potest,
908 3944 1004 4051 quin
1028 3939 1220 4051 propheta

68 4082 202 4136 mores
218 4055 467 4149 enarraverit,
483 4083 562 4135 non
571 4056 635 4163 jus
651 4084 806 4163 regum,
822 4066 949 4163 neque
966 4082 1093 4134 mores
1107 4081 1218 4161 pror·

70 4167 135 4246 sus
154 4193 295 4273 regum
309 4167 506 4261 omnium,
523 4167 585 4247 sed
602 4166 882 4276 plurimorum.
943 4164 1155 4246 Descendis
1171 4164 1220 4244 ad

72 4275 293 4373 Rabbinos,
313 4279 486 4387 duosque
506 4279 666 4359 adducis
686 4279 838 4373 eddem,
859 4277 936 4386 qud
948 4275 1072 4387 pribs,
1088 4274 1221 4355 infeli-

69 4391 216 4471 citate:
247 4419 341 4471 nam
359 4409 479 4500 caput
496 4391 594 4471 illud
613 4393 662 4471 de
682 4418 774 4498 rege
794 4392 834 4470 in
854 4419 934 4498 quo
955 4392 1007 4470 R.
1038 4387 1147 4494 Joses
1159 4387 1223 4491 jus

72 4503 232 4610 regium
271 4501 399 4585 aiebat
435 4503 643 4597 contineri,
681 4503 987 4584 Deuteronomii
1025 4500 1114 4594 esse,
1144 4528 1222 4579 non

73 4613 284 4708 Samuelis,
311 4611 564 4695 manifestum
590 4615 659 4695 est.
719 4614 910 4694 Samuelis
936 4615 1045 4693 enim
1072 4611 1120 4690 ad
1146 4629 1224 4690 ter-

73 4753 206 4807 rorem
225 4725 416 4808 duntaxat
435 4727 585 4837 populo
603 4726 859 4832 injiciendum
881 4727 1075 4835 pertinere
1095 4720 1225 4801 restis-
