796 1583
286 288 423 323 Responfio,
436 296 480 314 etc.
631 299 671 320 219
682 274 685 276 -

99 333 177 353 Dicitur
184 337 259 356 autem,
272 339 279 353 1
291 333 343 360 Reg.
355 339 362 353 1
369 340 387 353 1.
417 333 510 354 Salomon
520 333 647 357 obdormivit,
655 338 675 354 et

99 360 239 381 Rehoboarnus
247 362 337 388 regnavit
344 361 388 381 loco
397 361 446 388 ejus.
476 362 503 381 Et
511 360 556 385 hoc,
563 361 636 388 inquis,
643 361 675 381 di-

99 389 155 412 :itur,
165 393 264 417 antequam
274 389 357 416 Populus
367 389 440 410 sechem
450 389 502 409 venit
514 394 535 409 ue
545 389 596 409 illum
607 390 675 416 Regem

99 416 188 437 facerent.
218 417 266 437 Hoc
275 417 322 437 verb
334 424 373 437 non
383 417 439 437 aliter
451 417 527 437 dietum
538 417 602 441 fuisse,
615 417 675 444 quim

99 445 216 465 utHistoriae
222 445 278 466 series
287 444 408 465 manifestior
413 445 467 469 effet,
473 452 498 465 ex
505 445 570 473 primo
578 445 676 472 sequentis

99 473 167 501 :apitis
175 473 231 493 versu
238 478 325 501 apparet.
355 473 443 501 Populus
451 474 505 493 enim
512 473 633 494 Sechemum
641 480 675 493 ve-

99 501 135 524 nit,
147 506 170 521 ut
179 500 334 521 Rehoboamum
344 501 423 528 Regem
432 501 579 525 constituerent,
589 501 621 521 vel
631 508 676 528 reg-

99 536 144 549 nare
153 529 251 553 facerenn
266 534 288 549 ut
295 529 324 549 est
331 529 444 553 Ηείπηϊεὲς
457 529 505 557 ergb
514 534 570 550 antea
579 529 632 549 certe
642 534 677 550 aut

99 564 138 577 non
146 557 242 584 regnavit,
248 562 282 577 aut
292 557 312 577 in
320 557 388 583 Judaea
395 556 480 578 tanthm.
496 557 595 585 Populum,
603 558 676 585 inquis,

99 589 132 612 per
138 585 259 611 incendiarios
261 585 321 613 suff
326 585 424 606 incitatum
430 593 438 605 :
452 585 538 606 videlicet
543 585 675 612 Jeroboamum

99 618 116 633 er
125 613 204 634 Comites
207 613 259 640 staos.
289 614 318 633 At
327 613 374 633 verb
381 613 512 640 Jeroboamus
521 620 560 633 non
570 614 676 641 populum,

99 641 132 661 sed
141 641 229 669 Populus
239 641 297 661 illum
307 641 402 662 incitavit.
432 641 562 668 Jeroboamus
568 642 631 665 enim,
641 649 677 661 aua

99 669 140 689 dim
151 670 261 689 Salomonis
271 674 342 693 morte,
354 669 419 690 adhuc
428 670 449 690 in
459 670 547 697 AEgypto
556 669 676 690 morabatur.

99 697 138 718 Sed
145 697 235 718 Istae'litae
245 698 345 718 mittentes
355 698 496 718 accen-[iverunt
501 705 556 721 eum,
565 704 572 717 ι
583 698 633 725 Reg.
643 704 676 718 12.

99 725 181 746 Miraris
193 724 323 753 impudentiam
335 725 376 752 ejus
388 726 423 753 qui
437 726 549 749 affirmaret,
563 733 598 746 nan
611 725 679 746 vocari

99 753 176 774 rebelles
189 754 223 781 qui
235 754 255 774 in
271 753 381 774 Roboamum
394 761 449 774 arma
454 753 581 781 stempserunt.
610 754 678 773 Tuam

99 782 169 810 potius
178 788 217 802 non
227 782 373 809 impudentiam
382 781 454 806 solum,
468 782 500 802 sed
510 782 634 809 impie-mem
643 781 678 801 de-

99 810 171 833 miror,
180 810 214 837 qui
225 817 258 830 eos
268 810 349 830 rebelles
357 810 455 837 appellare
461 810 517 830 ausus
527 810 557 833 fis,
565 817 615 837 quos
621 810 677 829 Deus

99 845 125 858 eo
135 838 178 865 ipso
187 838 232 858 loco
242 837 310 858 fratres
318 838 346 858 sui
354 838 423 865 populi
433 838 547 858 nominavit.
576 838 605 858 At
613 838 678 861 instas,

99 866 178 886 ibidem
187 867 248 886 etiam
258 866 334 886 dictum
344 866 388 889 effe,
396 866 428 893 fic
439 865 538 886 rebellavit
548 865 610 886 domus
619 865 681 893 {srael

99 893 112 914 δ
121 894 173 914 domo
180 893 254 914 David.
274 894 303 914 At
312 893 359 914 verb
368 894 451 914 verbum
461 893 494 914 hic
504 894 603 914 rebellavit
611 893 680 914 mitibs

99 921 187 949 intelligi
196 929 233 949 pro
241 928 358 949 quacunque
368 922 486 948 destffiom,
497 929 560 949 neque
571 922 591 941 in
601 922 678 942 malum

100 949 179 970 sensum
194 950 237 977 rapi
250 949 315 970 debet.
346 950 452 978 Propterea
464 955 543 970 vertunt
556 949 590 970 alii
605 949 679 977 defecit,

100 984 143 998 non
156 977 255 998 rebellavit
259 985 266 1001 ,·
281 978 337 1004 cujus
349 978 404 998 enim
415 978 530 998 defeffionis
543 978 648 998 authorem
661 978 680 997 se

100 1006 160 1027 Deuss
175 1006 182 1025 i
197 1006 216 1026 se
232 1005 342 1033 profitetur,
358 1006 452 1033 scriptura
468 1006 541 1026 malam
556 1010 577 1026 et
589 1006 680 1026 illicitam

101 1040 165 1061 procu
187 1033 235 1054 ubib
243 1040 282 1054 non
290 1033 346 1054 dicit.
363 1034 395 1054 Sic
402 1034 489 1054 Ezechia
495 1034 555 1054 verbo
564 1040 603 1054 non
613 1033 680 1054 minhs

101 1062 154 1082 duro
164 1061 262 1082 rebellaffe
275 1062 295 1082 in
306 1062 384 1089 Regem
394 1062 474 1089 Affyriae
485 1062 569 1086 dicitur;
599 1061 639 1082 uod
651 1066 680 1081 ta-

102 1096 151 1110 men
163 1089 204 1116 ejus
218 1089 293 1110 fastum
305 1090 361 1110 Deus
372 1090 434 1110 etiam
446 1090 521 1110 auxilio
532 1090 610 1110 coelitus
623 1089 680 1110 miffo

101 1118 681 1174 ἷῖἒὲὶοζῖὲὲεἰξῖἰᾷῗῗξῗὲξὲζέᾇῖᾱῗῗῖἳῗιὲἱἔῗζ(

103 1174 149 1201 lege
156 1174 219 1194 Mofis
225 1174 257 1201 jus
263 1173 354 1194 habuerit
361 1174 368 1194 Ρ
382 1175 424 1198 Tu,
432 1181 475 1194 num
485 1174 575 1201 irascitur
581 1175 642 1198 Deus,
650 1174 681 1194 in-

104 1202 158 1230 quis,
172 1202 243 1229 Populo
252 1202 325 1229 petenti
335 1202 384 1230 quod
391 1202 419 1222 ad
427 1202 467 1222 illos
473 1202 521 1229 jure
530 1202 620 1230 pertinet.
650 1202 681 1226 Id,

104 1231 196 1258 inquam,
203 1229 261 1250 facile
269 1230 332 1258 potest
339 1230 394 1254 fieri3
406 1230 455 1250 nihil
463 1231 517 1251 enim
524 1230 587 1251 obstat
595 1237 635 1258 quo
643 1230 682 1250 mi—

105 1265 143 1279 nue
154 1258 175 1278 id
187 1258 212 1278 ad
225 1259 323 1286 populum
331 1258 376 1284 jure
388 1259 501 1286 pertineret,
513 1263 533 1278 et
546 1263 612 1279 tamen
626 1258 682 1278 irasci

104 1286 163 1307 Deus
173 1286 212 1306 illis
220 1286 292 1306 meritb
302 1286 375 1313 potuit,
384 1286 438 1313 quod
448 1285 496 1307 ciim
505 1286 526 1306 in
534 1293 558 1306 eo
568 1286 621 1314 quod
629 1286 683 1313 opti-

105 1321 166 1335 mum
173 1319 215 1335 erat
224 1314 340 1342 acquieviffe
350 1321 410 1342 penes
420 1314 471 1342 ipsos
480 1314 534 1338 effet,
538 1315 624 1335 deterius
628 1314 683 1341 quod

104 1347 147 1363 ent
159 1343 311 1370 anteponebant.
341 1342 434 1363 Affirmas
449 1343 513 1363 Deum
526 1342 617 1369 graviore
626 1346 683 1370 poena
