2888 5204
144 553 220 634 166
406 544 498 638 Pro
521 539 709 676 Populo
736 537 1006 674 Anglicano

142 712 284 796 fimum
304 737 478 828 apparet.
512 716 615 800 Ordo
634 718 889 828 ecclefiastr‘cus
904 735 990 798 erat
1007 714 1056 799 ab
1075 714 1150 828 apso
1154 713 1301 823 senatu

140 825 287 932 ι’]ἰὲἲιιι.
347 833 408 911 Εο
428 830 604 912 miserior
627 833 758 940 itaque
778 830 919 911 tuaest
936 829 1096 925 insania,
1121 827 1297 909 necdum

142 942 251 1020 euim
269 960 307 1021 te
323 943 437 1023 sentis
453 943 633 1038 insanire,
647 946 718 1052 qui
733 971 799 1024 eos
814 942 837 1023 ὲ
854 943 1103 1023 Parlamento
1118 940 1297 1049 quereris

143 1052 300 1157 ejedtos,
313 1083 411 1164 quos
427 1073 510 1136 tute
522 1084 571 1135 ex
584 1056 744 1136 ecclefia
758 1055 968 1162 ejiciendos
983 1052 1075 1149 effe,
1089 1052 1194 1133 libro
1210 1051 1296 1132 loo·

144 1163 300 1271 giffimo
326 1167 486 1247 scribis?
518 1169 677 1248 Senatus
701 1168 801 1248 alter
825 1166 909 1248 ordo
933 1165 1001 1294 qui
1020 1166 1061 1246 in
1078 1161 1298 1274 proceribus

145 1277 365 1385 conststebat,
378 1280 543 1373 ducibus,
553 1279 756 1374 comitibus,
767 1277 1052 1372 vicecomrtibus,
1053 1276 1218 1386 statione
1219 1274 1298 1383 sua

18 1482 21 1487 ¹
144 1387 302 1494 dejebsus
316 1393 378 1501 ιβ
419 1395 472 1472 Et
491 1390 810 1485 meritb,auullo
829 1392 939 1471 euim
958 1387 1298 1498 municipiomiffi

145 1528 219 1609 pro
234 1502 270 1580 se
287 1500 441 1583 tantbm
457 1503 654 1598 sedebant,
671 1503 773 1583 nihil
786 1504 885 1609 juris
900 1505 942 1583 iu
957 1501 1155 1614 populum
1172 1499 1297 1581 habe·

147 1611 256 1708 bant,
263 1614 345 1721 juri
356 1634 488 1696 tamen
500 1615 582 1722 ejus
595 1634 634 1695 et
649 1615 836 1711 libertati,
847 1617 916 1696 suo
926 1614 1100 1723 quodam
1117 1612 1298 1693 instituto

147 1724 333 1834 refragari
349 1729 388 1808 in
403 1729 597 1838 plerisque
611 1728 910 1808 consueverant:
933 1722 1076 1808 etanta
1090 1752 1183 1833 rege
1199 1752 1297 1805 cou-

148 1837 286 1933 stituti,
307 1839 388 1945 ejus
407 1841 587 1934 comites,
607 1859 648 1920 et
667 1838 823 1934 famuli,
843 1860 883 1920 et
901 1838 1008 1948 quafi
1029 1836 1193 1929 umbrae,
1217 1863 1298 1946 quo

147 1969 296 2044 amoto,
312 1952 383 2059 ipfi
400 1953 546 2032 necesse
566 1954 622 2033 est
639 1954 688 2031 ad
703 1952 877 2061 plebem,
898 1951 1002 2031 uude
1021 1950 1097 2029 orti
1117 1947 1222 2043 sunt,
1237 1977 1299 2029 re·
1330 2022 1348 2033 .

146 2062 386 2169 digerentur.
438 2067 521 2144 Una
535 2083 573 2145 et
586 2064 787 2145 deterrima
792 2064 914 2175 portio
930 2061 1171 2144 Parlamenti
1175 2059 1299 2172 potes·

147 2190 262 2254 tatem
273 2174 355 2280 fibi
375 2175 569 2258 vindicare
593 2206 663 2258 non
686 2175 811 2257 debuit
839 2205 943 2283 reges
956 2171 1170 2282 judicandi.
1242 2175 1301 2253 At

147 2285 325 2395 plebeius
340 2290 450 2382 ordo,
465 2291 571 2397 quod
587 2309 624 2369 te
642 2289 753 2398 supra
767 2289 900 2383 docui,
920 2315 999 2368 non
1019 2283 1148 2366 solum
1163 2285 1299 2366 Parla-

148 2403 273 2481 menti
285 2428 372 2509 pars
384 2421 466 2481 erat
477 2402 687 2510 potissima,
700 2402 820 2481 ctiam
834 2400 904 2480 sub
916 2397 1089 2507 regibus,
1101 2397 1167 2478 sed
1178 2424 1251 2506 per
1263 2395 1301 2476 se

18 2585 22 2593 .
147 2510 227 2620 ipse
242 2513 535 2593 Parlamentum
550 2513 734 2593 omnibus
750 2515 923 2593 numeris
936 2510 1160 2592 absolutum
1179 2529 1222 2589 et
1240 2509 1299 2588 le·

146 2624 350 2729 gitimum,
364 2628 484 2706 etiam
500 2627 577 2705 fine
591 2626 833 2719 Comitibus,
845 2625 992 2706 nedum
1005 2621 1302 2716 Ecclesiasticis,

148 2736 421 2816 constituebat.
481 2739 607 2846 Atqui
626 2768 671 2817 ne
686 2755 767 2818 tota
785 2736 926 2847 quidem
945 2738 1024 2816 haec
1043 2734 1120 2843 ipsa
1133 2754 1234 2844 pars
1251 2731 1305 2814 ad

134 2845 361 2952 sententiam
386 2846 429 2927 de
452 2851 552 2956 regis
580 2850 700 2958 capite
713 2848 881 2958 ferenda
906 2846 1056 2957 admfflr
1081 2847 1144 2957 ιβ.
1205 2848 1302 2927 Pars

149 2958 216 3038 illa
229 2987 372 3069 nempe
385 2988 464 3040 non
476 2962 651 3057 admissa,
663 2990 783 3071 quem
797 2962 916 3042 verbo
928 2988 1079 3069 regem,
1094 2978 1132 3039 te
1144 2957 1303 3039 hostem

149 3072 264 3152 toties
269 3072 524 3177 judicaverat,
537 3074 584 3153 ad
599 3103 692 3153 eum
704 3077 845 3155 animis
858 3093 974 3182 atque
985 3071 1153 3152 confiliis
1167 3069 1303 3180 paldm

149 3182 357 3268 defecerat.
408 3186 646 3266 Parlamenti
661 3188 815 3267 ordines
831 3185 1045 3293 Anglicani
1058 3212 1153 3264 cum
1166 3184 1215 3263 iis
1229 3183 1302 3292 qui

149 3291 172 3374 *a
192 3298 329 3376 Scotiae
344 3298 482 3378 itidem
503 3299 751 3379 Parlamento
772 3298 873 3378 miffi
892 3317 1002 3378 erant
1017 3297 1151 3404 legati,
1169 3295 1302 3375 idibus

150 3409 328 3514 januarii
349 3412 468 3517 1645.
492 3410 759 3520 rescripserunt
777 3411 876 3518 regi,
896 3408 1044 3489 dolosas
1064 3407 1243 3489 inducias
1262 3425 1303 3487 et

150 3519 328 3603 habenda
348 3523 479 3604 secum
500 3524 670 3603 Londini
689 3523 888 3631 colloquia
903 3521 1068 3632 petenti,
1091 3547 1171 3600 non
1194 3518 1301 3630 posl'e

34 3697 38 3703 .
150 3634 187 3714 se
207 3663 299 3715 eum
321 3637 360 3714 in
382 3636 520 3716 urbem
541 3635 762 3729 admittere,
783 3637 908 3715 donec
932 3636 964 3714 is
987 3634 1036 3714 de
1060 3631 1166 3713 bello
1189 3631 1302 3712 civili

150 3747 273 3827 tribus
285 3747 372 3852 jam
392 3749 520 3856 regnis
540 3746 621 3852 ejus
641 3748 760 3857 operd
778 3747 963 3839 excitato,
983 3742 1220 3825 decadibus
1241 3761 1302 3824 tot

151 3859 300 3937 civium
330 3858 411 3963 ejus
434 3860 537 3964 jussu
566 3857 677 3938 fastis
707 3860 860 3968 reipub.
883 3856 1141 3949 satisfecisset;
1171 3856 1302 3964 deque

149 3997 245 4079 pace
257 3969 371 4048 firma
384 3987 499 4078 atque
512 3971 654 4050 fincera
664 3971 710 4049 iis
722 3971 1013 4050 conditionibus
1026 3967 1302 4076 cavisset,quas

149 4084 185 4162 ei
207 4081 407 4188 utriusque
427 4085 537 4191 regni
559 4083 805 4163 Parlamenta
829 4101 870 4162 et
892 4082 1061 4161 tulerant
1085 4079 1237 4190 saepius,
1260 4099 1303 4160 et

150 4196 275 4275 latura
295 4193 437 4273 essent:
460 4196 539 4304 ipse
556 4195 576 4276 ὲ
592 4196 786 4277 contrario
800 4194 990 4303 postulata
1008 4219 1146 4272 eorum
1161 4191 1301 4300 aequis-

149 4308 243 4387 sima
256 4305 342 4412 jam
358 4305 496 4415 septies
513 4304 739 4388 humillime
755 4307 885 4387 oblata
905 4306 971 4386 res
991 4304 1216 4384 onfionibus
1233 4324 1304 4384 aut

150 4419 270 4500 surdis
287 4419 572 4527 repudiaverat,
586 4438 654 4498 aut
673 4419 870 4527 ambiguis
890 4333 1066 4500 elusdrat.
1128 4416 1304 4498 Ordines

150 4534 308 4614 tandem
322 4531 408 4640 post
423 4550 480 4612 tot
490 4557 683 4611 annorum
703 4533 935 4639 patientiam
950 4538 995 4611 bt
1007 4557 1056 4609 ne
1072 4526 1304 4610 fraudulen-

149 4665 210 4726 tus
227 4672 311 4750 rex,
326 4673 448 4752 quam
468 4643 662 4724 debellare
679 4642 858 4752 rempub.
877 4645 917 4722 in
937 4643 1020 4723 acie
1035 4668 1115 4722 non
1130 4641 1303 4736 valebat,

148 4759 290 4838 camin
304 4756 470 4837 vinculis
485 4784 556 4866 per
571 4755 776 4836 dilationes
793 4774 998 4850 everteret,
1012 4775 1052 4836 et
1065 4754 1304 4862 jucundissi-
