796 1583
203 283 293 307 Contra
305 281 469 307 Alexandrum
482 283 588 306 Morum.
642 285 680 312 383

108 332 196 353 quorum
207 326 326 347 existimatio
338 327 449 359 gravissima
462 331 503 346 tam
516 326 568 353 apud
582 331 602 346 te
612 333 682 353 pamm

108 354 183 381 potuit,
193 359 216 374 ut
224 361 294 375 eorum
304 355 329 374 de
341 359 360 375 te
372 355 487 382 opinionem
497 354 565 375 fallere
574 354 683 382 turpiffime

109 382 210 406 malueris,
214 382 279 417 quam
289 382 405 410 flagitiosam
411 383 455 403 vitae
462 388 499 403 tuae
509 383 610 403 licentiam
618 382 683 403 refrae-

109 417 168 434 παι-ος
183 409 258 438 quique
268 410 363 437 ejusmodi
374 411 436 431 homo
448 410 495 431 cum
505 411 535 434 fis,
545 417 634 438 anegare
647 410 683 431 tibi

109 443 187 458 tantum
195 444 258 466 potes,
267 444 289 459 ut
294 439 393 459 existimes
401 443 430 459 tot
436 439 487 459 viros
495 445 563 465 graves
569 444 627 466 atque
634 446 683 466 pru-

108 466 178 487 dentes
188 472 206 487 te
215 471 284 491 natare,
295 467 355 487 etiam
365 467 375 487 ὲ
379 467 477 494 fiper-iore
486 467 523 487 loco
532 467 632 494 indigere:
648 472 683 487 tuo

108 494 203 515 admonitu
212 495 265 522 pofl'e
278 502 366 522 unquam
378 495 455 523 sspere3
471 500 494 515 ut
506 495 579 515 idcirco
590 502 612 515 os
625 500 683 515 tuum

108 522 120 542 ὲ
126 522 217 550 suggesto
224 523 413 550 importuniffimum
421 528 477 543 tantae
482 523 639 555 graviffimorum
645 523 683 543 ho-

108 551 189 571 minum
197 550 318 578 frequentiae,
324 556 344 572 et
352 551 456 579 praesertim
463 551 518 571 sacrae
525 551 616 571 concioni
623 551 683 571 offer-

109 579 185 599 endum
194 579 222 599 sit.
252 580 295 606 Qi
301 580 385 607 denique
392 579 444 607 apud
450 586 499 606 quos
506 584 559 599 tanto
567 584 587 599 te
593 580 613 599 'm
621 579 683 606 pretio

108 606 147 627 effe
155 607 212 630 dicis,
220 607 244 627 iis
251 607 302 627 nihil
312 607 364 628 aliud
375 608 410 627 nifi
420 612 453 627 aut
462 607 569 627 minimum
575 607 683 634 judicium,

109 639 146 655 aut
153 635 263 655 maximam
271 635 375 656 dodtorum
381 636 483 663 penuriam
490 635 591 663 relinquis.
621 635 685 655 Mini-

109 669 168 683 mum
178 663 267 690 profectb
279 663 314 691 ipsi
327 664 362 684 fibi
373 664 470 684 honorem
481 663 561 687 habent,
573 664 608 691 qui
620 663 653 684 abs
665 668 684 683 te

109 691 199 711 Dostore
206 696 227 711 et
235 691 349 712 Ecclesiaste
355 692 446 712 meliores
453 691 550 711 discedere
558 691 575 711 se
583 692 635 719 poffe
641 698 684 711 cre-

109 719 204 739 diderint.
226 718 302 740 Verum
309 724 330 739 tu
336 719 466 740 nihilominus
472 719 555 739 buccam
561 719 625 740 inflas:
635 719 687 746 Qid

109 754 167 770 nunc,
178 747 245 775 inquis,
254 755 347 768 memorem
359 752 387 768 tot
399 748 478 775 illustres
489 755 512 767 ac
522 747 616 775 principes
625 748 684 771 virus,

109 779 138 795 tot
146 780 240 803 proceres,
253 780 282 796 tot
292 776 389 802 Ecclqfias,
400 781 428 796 tot
437 775 555 800 Academias,
565 783 607 803 quae
616 783 643 796 me
649 775 685 803 fi·

110 808 157 823 vent
163 808 182 824 et
189 808 264 828 ornant,
272 804 305 824 vel
312 808 377 831 optant
383 809 402 824 et
410 804 522 824 exambiunt.
541 804 567 823 Et
575 810 620 831 eg0‚
628 804 685 831 quid,

111 831 202 858 inquam,
213 839 266 852 nunc
276 839 386 852 memorem
399 837 428 852 tot
439 837 522 859 agyras,
533 837 562 852 tot
571 832 685 859 empiricos,

111 864 141 880 tot
147 859 274 891 seplafiarios,
285 865 314 880 tot
324 860 456 884 circulatores,
464 867 514 887 quos
522 860 592 880 Rornae
601 865 636 880 aut
644 860 685 880 Ve-

110 887 170 908 netiis
182 887 250 908 iisdem
264 888 314 920 pene
324 888 387 908 verbis
401 888 443 908 suas
457 888 540 915 pyxides
549 893 570 908 et
578 888 685 915 pharmaca

111 915 225 939 vendentes,
233 916 343 948 praeteriens
350 917 423 936 audivi.
453 916 516 943 Atqui
524 916 566 936 dum
574 915 685 943 haecstribm

111 943 186 971 inquis,
195 944 261 964 literas
274 944 343 972 accipis
354 944 420 972 quibus
433 944 459 964 ad
470 944 551 971 Ecclefia
545 944 583 971 stae
595 944 688 964 ordinarii

111 978 178 991 munus
187 976 206 992 et
211 972 277 999 ficrae
288 971 389 999 ‘Theologiae
396 972 518 999 profeffionem
528 972 599 992 invitor
611 972 631 992 in
640 972 686 992 urbe

111 999 217 1026 nobilfffima
204 1008 223 1020 a.
254 1000 309 1020 Nam
325 1000 363 1020 hoc
379 1000 431 1020 certe
446 1000 513 1023 habes,
527 1000 547 1020 in
563 1007 603 1027 quo
617 1007 686 1020 omnes

111 1027 210 1048 Doctores
220 1028 386 1048 circumforaneos
395 1028 497 1048 venalitios
510 1028 617 1048 ambitione
629 1028 686 1055 supe-

111 1063 149 1076 ras,
180 1055 271 1076 Primum
285 1064 319 1084 per
332 1057 406 1076 amicos
419 1057 448 1077 tui
461 1056 531 1076 ssmiles
542 1056 641 1076 occultam
653 1056 686 1076 das

111 1091 201 1111 operam,
210 1089 232 1104 ut
238 1089 287 1111 quot
294 1089 350 1112 potes
356 1091 380 1105 ex
388 1084 450 1104 locis
444 1084 543 1104 mviteris:
560 1084 686 1111 posteaquam

112 1112 133 1132 id
141 1112 222 1132 difficile
231 1118 331 1140 repertum
341 1112 376 1136 est,
384 1119 409 1132 ex
417 1120 458 1140 quo
464 1112 506 1139 jam
515 1112 584 1140 paflim
591 1117 649 1132 notus
658 1119 686 1136 es,

112 1139 152 1160 hoc
164 1140 228 1160 solum
239 1141 290 1167 (quae
301 1145 335 1160 tua
346 1141 411 1165 animi
417 1140 490 1167 egestas
503 1145 562 1167 atque
571 1140 687 1160 mendicitas

112 1175 159 1188 vera
165 1168 201 1193 est)
210 1168 280 1188 misere
287 1169 396 1192 contendis,
403 1173 423 1188 et
430 1175 572 1195 nonnunquam
580 1168 662 1201 perficis·
665 1173 688 1188 ut

112 1196 196 1216 omnino
202 1196 297 1220 inviteris,
305 1197 395 1224 quamvis
403 1203 426 1216 ea
433 1196 503 1216 diserta
513 1196 556 1223 lege
564 1202 584 1216 et
592 1197 662 1224 paetu'
657 1204 688 1216 m-

113 1224 213 1252 terpofito,
224 1229 246 1244 ut
257 1225 339 1244 omnino
354 1231 378 1244 ne
388 1225 460 1244 venias.
490 1224 537 1244 Hoc
547 1224 607 1244 modo
618 1225 688 1244 invita-

113 1256 158 1272 tum
165 1256 184 1272 te
192 1259 255 1279 nuper
265 1253 285 1272 in
293 1252 388 1276 Galliam,
395 1257 415 1272 et
423 1253 443 1272 ni
454 1252 518 1275 fallor,
526 1252 688 1275 Montalbanurn,

113 1280 220 1300 invitatum
226 1285 246 1300 et
253 1280 269 1300 F
270 1280 392 1304 ranekeram,
399 1280 430 1300 vel
439 1280 579 1307 Groningham
585 1280 675 1307 intelligo
683 1287 687 1300 ε

113 1308 195 1328 Harum
202 1313 268 1328 utram
274 1309 294 1328 in
301 1308 370 1328 urbem
379 1308 423 1328 sane
431 1308 503 1331 nescio,
510 1309 530 1328 in
540 1308 654 1328 alterutram
663 1308 690 1328 sat

113 1336 166 1357 scio:
182 1336 258 1357 deloco
266 1337 320 1357 enim
328 1336 390 1364 fateor
400 1337 489 1356 nondum
498 1335 549 1356 mihi
555 1336 599 1356 satis
607 1336 690 1363 liquere,
