796 1583
302 284 439 319 Responsio,
452 292 496 310 etc.
648 295 659 309 2
663 295 673 316 3
677 296 687 316 5

147 335 182 355 Ita
191 342 219 355 me
229 334 256 355 dii
263 334 354 355 amabunt
364 340 385 355 ut
395 335 444 355 hunc
453 342 485 361 ego
494 334 576 361 ausculta
586 334 649 354 lubens
654 342 662 358 ‚0

148 363 213 383 Mmis
222 362 281 391 lepida>
283 363 339 390 facit
348 362 409 383 verba
418 363 442 383 de
452 363 511 389 regiis
521 362 566 383 suis.

147 392 216 419 Neque
225 391 334 418 compellare
343 391 383 411 volo
393 391 445 411 illum
455 398 477 411 ne
486 390 556 417 definat

148 420 257 439 Memorare
266 426 324 439 mores
333 419 385 446 regis
395 424 416 439 et
425 419 533 445 regiorum.

110 471 187 491 Eorum
195 470 250 490 enim
259 471 355 498 plurimos
363 471 398 497 qui
409 470 490 497 quidem
499 470 550 497 regis
562 470 625 497 gratia
634 477 691 490 max-

109 498 150 519 ime
164 498 272 526 pollebant,
287 505 320 518 eos
335 497 407 518 fatetur
420 498 476 518 fuiffe
490 499 525 525 qui
538 499 691 518 commodorum

108 526 234 554 potiffimum
244 526 323 546 suorum
333 531 353 546 et
362 526 469 546 libidinum
476 526 534 546 causa
544 533 612 552 regem
621 527 691 553 seque-

108 560 185 578 rentur,
193 554 225 574 vel
236 558 302 575 mente
312 559 394 582 captum
407 555 478 582 potius,
486 561 526 581 quo
538 554 618 578 vellent,
630 555 690 574 duce-

109 587 167 603 rent:
184 583 252 602 Sinam
263 583 329 609 itaque
337 587 357 602 et
366 582 476 610 praeterib0‚
486 587 508 602 ut
515 587 535 602 et
546 583 597 609 regis
607 582 691 610 perjuria

109 610 165 631 haud
175 610 247 630 minori
258 610 360 638 impietate
371 616 430 638 atque
443 610 518 631 inscitia
527 610 660 634 excusantem,
671 615 691 630 et

110 639 176 659 statim
190 643 257 658 tamen
271 639 341 659 acriter
356 638 489 658 damnantem.
520 638 593 665 Neque
605 639 691 659 occurrit

110 671 203 694 pneterea
210 666 264 694 quod
271 666 387 687 refutatione
394 667 434 687 ulla
440 667 533 694 indigeat.
552 666 586 686 Ad
595 667 690 687 ultimum

110 695 173 718 enim,
183 694 303 722 consumptis
310 695 330 714 in
338 702 373 715 nos
382 695 497 718 maledicus,
506 695 560 718 diris,
567 695 690 715 execration-

111 722 163 746 ibus,
173 722 291 743 charitatem
305 722 368 743 nescio
380 730 440 750 quam
452 723 506 743 suam
519 722 614 742 ostentare
627 723 689 750 cupit.

110 751 189 771 Verum
196 758 231 771 nos
239 750 295 777 cujus
303 751 388 771 convitia
399 756 418 771 et
427 751 577 778 imprecationes
587 757 626 770 non
635 757 690 771 vere-

111 786 165 803 mur,
171 779 232 799 etiam
241 783 286 799 vota
296 785 332 806 pro
341 779 397 799 nohis
406 783 426 799 et
434 785 501 807 preces
509 778 562 799 haud
571 778 633 806 pluris
640 778 690 799 aesti-

111 814 196 827 mamus.
228 807 307 827 Finiam
313 807 379 834 itaque
386 812 486 827 certamen
493 806 538 830 hoc,
547 806 600 826 haud
608 806 691 827 libenter

111 835 195 862 quidem
202 834 213 855 ὲ
223 842 255 855 me
264 842 311 855 curn
321 835 356 855 isto
362 835 480 862 nugigerulo
489 835 611 862 susceptum;
627 835 690 855 solum

111 862 150 883 hoc
159 863 188 883 est
197 863 218 883 in
228 870 268 890 quo
279 863 292 883 fi
303 870 341 883 non
354 863 404 887 aliis,
414 868 433 883 at
443 863 537 883 mihimet
547 863 615 883 saltem
625 863 690 890 aliqua

111 897 137 912 ex
148 895 202 918 parte
211 891 287 918 placeo,
295 898 340 911 eam
350 890 401 911 mihi
412 891 507 911 scribendi
518 890 639 911 occasionem
649 891 690 918 pri-

111 926 168 939 mam
174 919 261 939 oblatam
268 919 312 943 esse,
321 926 347 939 ex
353 926 392 946 qua
398 923 418 939 et
424 920 486 946 patria
494 920 514 939 in
521 919 539 939 se
548 920 624 939 rectum
632 924 690 946 atque

111 947 177 975 pium,
188 952 208 967 et
217 947 276 967 amici
286 952 365 974 gratum
375 947 475 967 senserinh
