2888 5204
137 191 190 263 42
193 194 222 263 4
398 147 622 242 Aethon:
604 184 735 280 pro
760 146 805 241 le
831 143 1064 241 Defensio

140 344 381 450 preceptum
399 323 450 400 de
470 322 670 430 Episcopo
695 322 944 399 notitiimum
963 321 1027 414 lit,
1046 346 1145 398 eum
1164 316 1209 395 ab
1223 343 1277 395 ex·
1330 327 1340 402 l

140 437 282 513 traneis
301 436 423 512 etiam
446 435 601 512 bonum
623 433 769 512 habere
795 433 1074 512 testimouium
1103 448 1277 539 oportere,
1330 467 1340 512 ι·

142 547 242 653 quid
258 545 484 624 adren‘ariis
501 547 628 624 letius
644 568 716 623 aut
730 543 1068 652 triumphandum
1081 543 1210 649 magis
1223 567 1280 648 pu
1330 578 1340 624 ι

142 656 218 735 test
241 658 434 748 accidere,
461 686 583 783 quam
609 656 707 736 citm
733 656 904 762 legerint
931 678 1056 785 atque
1087 654 1279 742 audierint,
1331 689 1340 734 t

141 770 213 875 qui
232 797 312 847 non
330 768 408 847 leri
425 792 590 876 atque
565 771 728 859 incerta,
742 724 807 846 nil
824 760 1030 847 constante
1048 765 1176 857 fama,
1194 765 1280 843 sum·
1332 773 1340 847 i

144 878 289 987 me'que
307 880 587 975 consentiente,
605 881 744 959 multis
770 879 948 971 testibus,
968 880 1150 959 multis
1137 905 1180 955 ιιι
1204 875 1281 955 locis
1333 912 1340 958 ι

144 990 357 1097 flagitioliis
383 1014 502 1098 atque
529 991 701 1070 nefarius
727 1012 958 1100 compertus
983 992 1048 1083 fit,
1070 1018 1171 1069 eum
1196 985 1285 1112 quali
1335 1024 1340 1067 ι

145 1104 328 1182 Ecclesrae
359 1103 497 1182 lumen
527 1106 693 1182 unicum
723 1124 766 1181 et
792 1124 1076 1182 ornamentum
1105 1098 1286 1181 collatitiis
1338 1136 1340 1172 π

148 1215 469 1322 Prelbyterorum
495 1214 694 1306 laudibus,
731 1236 774 1292 et
798 1215 1016 1322 multiplici
1042 1210 1288 1294 commenda·

147 1328 255 1405 tione
274 1328 435 1435 publiea
452 1325 644 1405 decorari.
704 1328 829 1437 Qod
847 1326 1026 1405 hostibus
1046 1325 1192 1405 nostris
1208 1350 1289 1432 gau·

148 1439 262 1517 dium
290 1468 340 1517 ne
365 1440 603 1517 diuturnum
627 1438 687 1531 lit,
713 1438 913 1547 provideri
944 1466 1025 1516 uon
1050 1438 1133 1517 alia
1156 1438 1292 1516 ratione

148 1551 290 1657 potest,
319 1551 391 1628 nili
417 1551 535 1656 liquis
565 1553 714 1658 poterit
737 1550 941 1657 exemplo,
970 1547 1097 1657 re'que
1122 1549 1212 1657 ἱρή
1233 1547 1293 1625 ‹le-

150 1661 364 1739 monstrare
384 1662 541 1739 nullum
560 1663 636 1740 effe
655 1660 830 1770 pestibus
851 1660 1081 1765 hujusmodi
1099 1662 1145 1739 iu
1164 1658 1296 1739 Eocle·

150 1770 201 1849 fia
216 1770 428 1851 reformata
445 1772 678 1851 confistendi
693 1773 855 1852 locum:
875 1771 958 1853 haec
975 1772 1219 1864 testimonia,
1237 1768 1298 1847 lits

151 1883 286 1962 laudes
312 1906 401 1963 tum
424 1884 526 1963 olim
550 1884 674 1977 datas,
691 1913 790 1963 cum
816 1887 864 1977 is,
881 1888 950 1965 cui
973 1884 1173 1965 dabantur
1190 1876 1301 1987 longi

151 1996 250 2075 alius
278 1995 478 2074 affestaret
505 1995 646 2090 videri,
675 2017 795 2105 atque
820 1996 896 2075 effe
922 2023 1029 2075 nunc
1056 1995 1301 2104 perspicitur,

151 2106 282 2214 ipsum
302 2136 408 2186 nunc
427 2108 614 2187 irritaret
633 2136 885 2215 nequaquam
908 2105 994 2187 suas
1019 2107 1219 2215 usurpalle
1237 2103 1303 2183 fibi

152 2216 288 2297 fraude
312 2220 497 2327 peffima3
528 2239 569 2298 et
586 2221 810 2298 amicorum
826 2219 876 2298 de
895 2219 933 2297 se
952 2220 1085 2326 elogia
1102 2218 1174 2297 suo
1190 2218 1303 2328 iplius

151 2331 250 2408 vitio
267 2331 468 2437 abrogata,
487 2358 566 2409 non
586 2332 633 2409 ad
650 2331 851 2410 viliffimas
868 2359 1020 2410 merces
1037 2329 1305 2421 involvendas,

151 2468 234 2546 quo
253 2441 335 2520 fato
355 2443 460 2520 mala
474 2441 615 2552 scripta
629 2441 754 2522 solent
767 2440 852 2522 fere
866 2443 1009 2550 perire,
1022 2442 1088 2521 sed
1105 2442 1157 2521 ad
1174 2440 1306 2522 studis-

153 2552 265 2630 fimas
285 2552 524 2658 flagitiorum
546 2555 664 2663 ipfius
683 2553 810 2633 sordes
836 2555 1080 2660 integendus,
1102 2582 1177 2661 pro
1194 2555 1305 2632 invo-

152 2663 271 2741 lucris
289 2663 453 2744 abusum
472 2664 561 2743 effe.
623 2668 712 2772 Ego
730 2664 836 2745 certe
861 2668 904 2743 in
923 2668 1052 2772 priore
1078 2665 1149 2743 illa
1166 2663 1305 2744 defen-

154 2774 271 2869 sione,
292 2794 333 2854 et
352 2775 510 2882 publice
522 2776 646 2880 julius
664 2795 704 2855 et
720 2779 906 2884 privatim
918 2777 1046 2869 laesus,
1061 2776 1134 2854 nili
1154 2776 1304 2883 liquam

153 2886 320 2967 dicendo
340 2887 571 2997 peperiffem
597 2886 699 2967 mihi
725 2887 929 2968 honestam
955 2888 1305 2978 existimationem,

153 3026 241 3078 eam
261 3000 407 3079 filendo
424 3003 620 3093 amittere,
635 3022 676 3078 et
690 3001 796 3108 quali
816 3027 980 3078 vacuam
1000 2998 1223 3108 posseffore,
1238 3028 1307 3078 oc-

154 3113 375 3219 cupandam
391 3113 604 3191 mendaciis
614 3134 654 3190 et
664 3112 969 3220 opprimendam
985 3112 1211 3220 relinquere
1222 3138 1308 3189 ma·

155 3223 324 3316 luiffem‚
337 3242 377 3302 et
395 3225 543 3330 patriae,
557 3244 596 3301 et
617 3222 718 3302 mihi
739 3225 868 3316 fimul,
881 3220 977 3301 cirm
992 3252 1071 3303 una
1085 3220 1307 3329 eademque

156 3335 267 3413 causa
292 3335 400 3428 effer,
418 3362 676 3413 communem
703 3364 866 3443 operam
892 3334 1048 3414 summo
1074 3335 1206 3413 studio
1231 3336 1308 3412 im-

155 3447 289 3553 pendi.
322 3448 445 3526 Nunc
465 3445 663 3526 accusatus
682 3448 852 3554 graviter
872 3446 920 3523 ab
940 3447 1082 3524 eodem
1100 3445 1211 3551 quali
1231 3447 1309 3525 im·

156 3559 346 3636 meritum
373 3579 412 3636 et
439 3559 650 3636 innoxium
676 3555 883 3638 hominem
913 3586 982 3664 per
1015 3556 1238 3635 calumnias
1270 3575 1309 3634 et

157 3668 360 3747 mendacia
381 3667 639 3763 infamaffem,
661 3689 705 3748 ut
729 3671 1020 3777 impudentiam
1044 3668 1153 3746 illius
1177 3670 1308 3747 redar-

157 3806 336 3885 guerem,
353 3781 622 3860 innocentiam
641 3799 772 3860 tuerer
789 3807 937 3872 meam,
953 3799 1005 3884 et·
1013 3778 1140 3887 siquid
1154 3780 1220 3857 vel
1240 3807 1310 3857 an-

158 3910 220 3970 tea
233 3889 317 3994 jam
335 3889 419 3968 dixi
437 3890 663 3984 commode,
676 3892 739 3971 vel
759 3893 800 3970 in
821 3891 1020 4000 posterum
1039 3889 1148 3998 quod
1168 3919 1220 3968 ex
1242 3890 1310 3970 usu

158 4003 204 4083 fit
221 4002 395 4081 dieturus
423 4001 523 4098 sum,
544 4006 572 4084 fi
597 4032 673 4083 non
698 4005 883 4084 doetrinae
901 4023 942 4080 et
961 4003 1113 4109 ingenii
1131 4002 1309 4092 laudem,

158 4113 307 4195 famam
335 4112 469 4194 saltem
495 4117 705 4221 integram,
726 4136 766 4195 et
792 4114 963 4194 colendae
988 4114 1162 4193 veritatis
1189 4112 1311 4192 fidem

157 4226 295 4306 afferre
315 4227 480 4334 poffem,
497 4229 545 4308 ad
564 4230 858 4306 contentionem
879 4225 980 4305 hanc
997 4223 1120 4333 perse
1140 4224 1310 4303 minime

155 4358 322 4444 gratam,
364 4338 426 4417 sed
466 4339 713 4422 necessariam
754 4360 900 4432 tamen,
940 4338 1071 4416 denuo
1110 4335 1309 4417 descendi.
