2888 5204
148 151 171 227 6
500 225 504 239 ,
611 130 836 231 Praefatio.

147 342 216 392 non
233 312 356 418 solum
380 311 597 422 putidfflmo
625 312 783 405 exordia,
806 312 1046 421 praficarum
1067 306 1297 417 funebribus

147 426 256 531 nugis
274 443 312 506 et
326 425 456 505 naniis
459 424 646 529 ſsmillimo
664 425 816 517 nullius,
829 452 898 503 non
903 422 1033 530 fatui,
1054 439 1210 500 mentem
1229 419 1297 498 mi-

135 536 326 643 stratione
346 534 574 646 permovsse,
591 535 665 644 sed
682 535 811 644 primd
826 535 959 644 statim
989 532 1159 639 claustcld
1186 532 1299 610 rium

141 649 237 759 pene
254 647 455 757 legentibus
472 647 670 756 multiplici
691 646 915 755 barbarffino
937 645 1142 756 concitdffe.
1202 639 1304 750 Quid

150 762 258 855 enim,
278 759 410 872 quasa,
429 761 478 870 est
496 760 752 870 parricidium
776 762 817 839 in
843 758 1003 870 persona
1027 759 1130 865 regis
1154 757 1299 835 admit·

151 891 246 967 tere,
265 873 357 984 quid
372 875 412 953 in
433 871 593 983 persona
612 874 742 979 regis?
771 901 855 982 qua
872 899 1032 982 unquam
1057 869 1232 949 latinitas
1240 867 1300 972 ſse

150 984 273 1067 locuta
304 985 386 1095 est?
415 986 484 1091 nfi
510 985 667 1094 aliquem
697 983 797 1065 nobis
817 984 930 1092 forte
960 981 1302 1091 Pseudophilippum

150 1125 302 1191 narras,
315 1099 383 1208 qui
392 1098 581 1207 perstonam
596 1096 695 1205 regis
706 1096 870 1190 indutus,
883 1095 995 1201 nescio
1006 1094 1098 1205 quid
1099 1092 1304 1204 parricidii

150 1209 255 1320 apud
269 1212 414 1318 Anglos
430 1210 680 1321 patraverit,·
709 1208 806 1319 quod
820 1208 973 1289 verbum
997 1206 1124 1287 verius
1143 1206 1303 1315 opinione

152 1342 222 1401 tua
242 1351 288 1403 ex
311 1351 372 1402 ore
395 1323 467 1403 tibi
486 1319 649 1431 excidisse
670 1338 776 1430 puto.
838 1318 1037 1431 Urannus
1064 1318 1173 1412 enim,
1203 1316 1307 1427 quaſs

152 1435 371 1542 histrionalis
389 1434 535 1545 quidam
555 1463 638 1528 rex,
659 1433 772 1513 larva
791 1432 939 1514 tansum
958 1450 995 1515 et
1011 1431 1168 1542 persona
1190 1432 1303 1538 regis,

153 1575 223 1627 non
241 1575 355 1627 verus
373 1576 441 1627 rex
460 1547 520 1656 est.
581 1542 769 1626 Caterum
792 1544 835 1624 ab
855 1543 1056 1653 hujusmodi
1071 1573 1186 1624 noxas
1208 1543 1303 1622 Gal·

153 1658 395 1752 lico-latinas,
419 1658 549 1769 quibus
561 1658 689 1767 paffim
705 1657 847 1765 scates,
871 1687 940 1739 non
963 1676 1042 1737 tam
1063 1655 1166 1750 mihi,
1193 1683 1306 1765 neque

151 1771 244 1852 enim
262 1771 311 1879 est
328 1771 454 1864 otium,
474 1770 584 1880 qubm
603 1771 687 1880 ipſss
704 1771 781 1850 tuis
799 1769 1072 1879 Grammatssis
1083 1787 1217 1879 peenas
1235 1767 1303 1848 da·

155 1883 237 1977 bis,·
266 1881 397 1992 quibus
415 1911 478 1990 ego
494 1901 532 1964 te
550 1881 782 1963 deridendum
804 1899 840 1962 et
859 1880 1111 1993 vapulandum
1131 1879 1303 1990 propino.

157 1998 242 2078 Hoc
259 1995 372 2076 multo
390 1998 581 2088 atrocius,·
611 1992 708 2105 quod
722 1995 747 2074 ὰ
758 1994 914 2102 summis
932 1992 1209 2104 magstratibus
1227 1992 1306 2100 nas·

154 2107 227 2187 tris
242 2106 284 2188 de
298 2107 574 2216 regestatutum
586 2107 648 2216 est,
665 2105 706 2187 id
716 2105 994 2216 sacrilegorum
1009 2106 1225 2185 hominum
1237 2133 1305 2183 ne-

156 2218 253 2299 farib
276 2217 560 2328 conspiratione
582 2219 683 2300 admi
709 2250 768 2301 um
787 2220 857 2300 ais.
918 2217 1023 2300 Tune
1039 2215 1218 2328 furcffer
1238 2234 1306 2326 po-

155 2330 341 2436 tentffmi
354 2347 472 2439 nuper
486 2332 606 2438 regni,
621 2361 718 2412 nunc
733 2332 873 2443 reipub.
892 2362 929 2412 eo
938 2329 1154 2441 potentioris
1168 2333 1258 2410 alla
1271 2345 1307 2407 et

157 2442 386 2549 coefiultastc
404 2439 597 2523 nominos?
630 2474 782 2554 quorum
802 2444 844 2525 de
857 2444 982 2555 fallis
999 2473 1044 2524 ne
1063 2445 1147 2523 Rex
1167 2441 1305 2552 quidem

156 2556 254 2635 ullus
273 2573 316 2634 ut
338 2555 530 2665 quicquum
552 2556 715 2663 gravius
733 2558 1011 2669 pronuntiaret,
1035 2573 1106 2636 aut
1116 2554 1306 2664 scriptum

157 2665 293 2761 ederet,
314 2666 450 2748 adduci
464 2667 584 2748 adbuc
596 2670 734 2777 potuit.
793 2668 936 2749 Meritb
961 2669 1086 2779 itaque
1107 2665 1310 2776 amplffmi

157 2777 316 2859 Ordines
335 2779 561 2873 Hollandiae,
583 2780 821 2862 liberatorum
841 2781 923 2861 olim
943 2781 1087 2891 patria
1105 2808 1200 2861 vera
1212 2797 1306 2888 pro-

151 2891 290 2997 genies,
305 2889 534 3001 deferfianem
553 2893 649 2972 banc
662 2893 909 3002 tyrannicam,
920 2893 1138 3002 populorum
1152 2891 1307 2971 omnium

156 3003 328 3084 libertati
341 3002 654 3113 pestilentiffimam
670 3003 861 3112 edittosta
880 3004 1039 3086 tenebris
1055 3003 1307 3093 damnarunt,·

157 3115 265 3221 cujus
282 3134 319 3195 et
338 3115 451 3224 tpfism
471 3117 659 3197 authorem
677 3117 788 3198 omnis
803 3117 921 3198 libera
942 3116 1091 3197 Civitas
1106 3116 1192 3224 suis
1213 3134 1307 3225 pro-

155 3229 277 3309 bibere
281 3227 441 3334 finibus,
461 3246 531 3309 aut
549 3227 678 3336 ejicere
695 3229 867 3310 deberet:
891 3258 1002 3340 eaque
1014 3228 1205 3339 praepa?
1224 3256 1307 3337 qua

154 3359 232 3420 tam
245 3342 437 3447 ingratum
448 3359 595 3450 tamque
608 3359 747 3422 tetrum
760 3342 902 3450 respub.
918 3342 1044 3451 besslem
1050 3341 1122 3448 stro
1128 3338 1307 3449 stipendio

155 3453 249 3544 alit‚·
270 3450 375 3555 cujus
395 3453 454 3531 ille
473 3452 615 3560 reipub.
638 3451 854 3561 baudst’cbs
872 3471 983 3565 atque
1001 3454 1146 3563 nostra,
1153 3450 1306 3557 funda-

156 3581 279 3643 menta
294 3562 371 3672 ipsa
382 3581 493 3672 atque
509 3563 637 3669 caustro
647 3583 857 3673 oppugnat,·
876 3596 1010 3646 necnon
1024 3585 1219 3674 utramque
1232 3563 1309 3644 und

155 3694 193 3755 et
211 3673 332 3755 eddom
350 3675 461 3783 operb
479 3675 708 3784 labefatlare
730 3696 767 3758 et
783 3676 969 3785 stobruere
991 3697 1149 3758 conatur
1160 3708 1174 3769 ,⁰
1198 3693 1306 3786 pra·

143 3786 441 3896 stantiffimosque
470 3786 547 3868 illic
576 3788 790 3870 Libertatis
821 3788 990 3871 Vindices
1017 3791 1216 3899 nostrorum
1232 3787 1309 3894 stab

156 3900 294 3980 nomine
312 3897 512 3979 maleds'ttis
533 3900 750 4011 proscindit.
810 3905 998 4013 Reputate
1014 3902 1101 4008 jam
1127 3901 1309 4006 vobiscum

157 4011 391 4120 Illustrifflmi
401 4011 680 4093 Foederatorum
695 4012 867 4107 Ordines,
884 4032 1014 4094 etcum
1030 4015 1161 4095 animis
1179 4012 1311 4121 vestris

155 4125 330 4232 cogitate,
351 4123 432 4234 quis
450 4124 548 4204 bunc
564 4126 681 4232 regia
701 4125 896 4236 potestatis
914 4126 1122 4237 offerturam
1145 4122 1311 4230 adscri-

156 4236 309 4317 bendum
326 4235 527 4345 impulerit,
544 4238 625 4346 quis
648 4256 766 4349 nuper
788 4237 892 4348 apud
910 4267 976 4318 vos
999 4239 1099 4348 regib
1113 4237 1160 4344 st
1179 4265 1313 4343 gerere

157 4348 361 4460 inceperit,
381 4379 464 4458 qua
483 4349 642 4456 confilia,
656 4351 723 4460 qui
737 4370 903 4444 conatus,
916 4381 999 4460 qua
1018 4352 1143 4432 turba
1161 4348 1315 4460 denique
