2888 5204
250 618 304 701 9⁰
519 586 611 679 Pro
634 577 822 716 Populo
845 578 1115 715 Anglicano

246 755 395 836 riffimo
407 754 609 864 religionis
620 755 780 836 vinculo
791 755 930 838 fratres
942 752 1065 866 quam
1077 753 1205 837 hostes
1217 755 1401 837 acerrimi

245 869 499 965 diffidebant3
532 867 664 947 nullus
679 869 821 978 pudor,
834 870 947 949 nulla
963 868 1084 949 officii
1095 868 1194 948 ratio
1208 866 1398 964 restabat;

246 981 408 1075 milites,
421 999 462 1061 et
475 981 681 1091 copiarum
695 978 883 1089 prefecti,
894 981 1049 1090 quoties
1061 979 1151 1090 ipfis
1163 977 1292 1060 visum
1302 999 1398 1076 erat,

245 1121 351 1173 nunc
367 1095 623 1204 imperatores
639 1120 760 1172 novos
776 1093 974 1186 creabant,
991 1119 1097 1173 nunc
1110 1092 1234 1172 bonos
1253 1095 1399 1202 pariter

244 1234 291 1286 ac
308 1206 432 1285 maios
446 1207 648 1286 necabant.
696 1207 810 1317 Qid
822 1206 1107 1286 Vetranniones
1122 1224 1163 1284 et
1175 1204 1397 1300 Maximos,

245 1318 341 1425 quid
352 1319 554 1425 Eugenios
566 1313 787 1398 imilitibus
799 1318 848 1398 ad
860 1319 1075 1427 imperium
1087 1313 1216 1396 subitb
1227 1322 1395 1411 evectos,

245 1431 343 1539 quid
365 1431 604 1510 Gratianum
623 1431 824 1539 optimum
844 1431 1081 1541 principem,
1096 1428 1194 1536 quid
1214 1429 1396 1510 Valenti-

245 1543 411 1623 nianum
425 1544 625 1622 minorem
644 1569 723 1620 non
739 1541 964 1651 peffimum,
984 1540 1129 1622 occisos
1147 1541 1196 1620 ab
1215 1541 1264 1621 iis
1282 1568 1395 1622 com·

245 1657 488 1735 memorem?
519 1655 705 1734 Militum
721 1651 802 1734 haec
813 1654 977 1761 quidem
989 1653 1161 1734 facinora
1171 1671 1213 1733 et
1224 1653 1395 1733 castren-

244 1767 360 1861 fium,
380 1766 444 1848 sed
463 1786 595 1848 tamen
614 1764 915 1847 christianorum
935 1767 1040 1846 illius
1058 1765 1192 1858 atatis,
1208 1791 1333 1872 quam
1351 1784 1394 1846 tu

245 1878 420 1959 maxime
432 1878 701 1986 evangelicam
712 1898 753 1959 et
763 1879 997 1959 imitandam
1008 1877 1083 1958 effe
1094 1879 1163 1958 ais.
1193 1876 1394 1986 Jamergb

243 1990 293 2070 de
307 1991 571 2071 ecclefiasticis
583 2018 708 2100 pauca
719 1992 879 2101 accipe:
902 1990 1076 2071 Pastores
1087 2009 1128 2071 et
1138 1988 1343 2101 Episcopi,
1353 2008 1393 2071 et

244 2129 530 2210 nonnunquam
543 2102 723 2212 illi,quos
735 2103 991 2198 admiramur,
1006 2121 1147 2213 patres,
1161 2101 1219 2181 sui
1230 2100 1394 2210 quisque

244 2217 376 2322 gregis
395 2214 589 2308 ductores,
605 2215 654 2294 de
673 2214 898 2325 episcopatu
916 2243 994 2295 non
1009 2214 1115 2294 secus
1132 2210 1253 2323 quam
1267 2212 1318 2293 de
1332 2232 1393 2322 ty-

244 2327 406 2407 rannide
421 2328 621 2408 certabant
636 2358 646 2406 :
677 2355 783 2408 nunc
797 2355 868 2436 per
887 2326 1042 2420 urbem,
1055 2353 1160 2406 nunc
1175 2327 1217 2405 in
1228 2324 1314 2435 ipsa
1326 2354 1393 2407 ec·

243 2438 371 2534 clefia,
388 2439 435 2519 ad
451 2439 581 2550 ipsum
597 2438 715 2519 altare
734 2440 974 2534 Sacerdotes,
989 2459 1029 2519 et
1043 2439 1155 2519 La’r'ci
1172 2436 1392 2547 promiscue

243 2551 585 2659 digladiabantur;
630 2552 751 2631 caedes
785 2550 993 2645 faciebant,
1034 2551 1175 2658 strages
1208 2551 1392 2658 utrinque

244 2690 405 2770 magnas
425 2691 708 2771 nonnunquam
733 2663 939 2745 ediderunt
964 2664 1125 2744 Damafi
1144 2680 1184 2741 et
1204 2662 1392 2758 Urficini,

243 2777 314 2882 qui
326 2802 420 2853 cum
432 2776 640 2856 Ambrosro
653 2774 881 2870 floruerunt,
923 2772 1251 2856 otesmeminiffe.
1283 2776 1393 2855 Lon-

244 2915 343 2993 gum
363 2887 454 2967 effet
471 2889 723 2994 Byzantinos,
744 2807 1029 2982 Antiociienos,
1045 2907 1084 2967 et
1104 2885 1393 2967 Alexandrinos

243 2999 331 3078 illos
348 3001 556 3095 tumultus,
569 3000 637 3080 sub
653 3000 805 3108 Cyrillo
820 3000 1044 3110 praesertim,
1060 3027 1181 3107 quem
1198 3017 1241 3079 tu
1258 2998 1393 3081 laudas

244 3112 475 3191 obedientia
490 3113 797 3223 praedicatorem,
813 3112 912 3192 duce
928 3141 972 3193 ac
987 3132 1096 3224 patre
1110 3143 1120 3207 ;
1140 3108 1268 3191 occiso
1283 3109 1394 3220 paene

244 3219 266 3301 a
293 3222 497 3304 monachis
520 3227 562 3304 in
589 3225 658 3304 illo
684 3225 822 3305 urbico
846 3226 993 3335 praelio,
1016 3223 1156 3303 Oreste
1175 3222 1394 3305 Theodofii

243 3333 450 3443 praefecto:
482 3338 575 3442 Jam
591 3356 656 3416 tua
667 3339 756 3443 quis
771 3337 835 3416 vel
848 3337 1096 3446 impudentia
1107 3334 1169 3414 vei
1182 3333 1394 3445 supinitate

243 3475 323 3526 non
337 3447 607 3558 obstupescat?
642 3447 758 3557 Usque
773 3448 827 3528 ad
840 3449 1104 3558 Augustinum,
1121 3448 1266 3555 inquis,
1280 3465 1319 3527 et
1331 3448 1393 3527 in-

230 3560 311 3668 fra
329 3559 407 3665 ejus
424 3578 588 3654 aetatem,
603 3560 708 3640 nulla
726 3559 938 3669 cujusquam
952 3559 1107 3671 privati
1117 3579 1186 3639 aut
1197 3558 1392 3669 prafedii,

242 3690 312 3752 aut
323 3673 493 3781 plurriam
511 3671 786 3778 conjuratorum
804 3692 911 3753 extat
930 3673 968 3753 in
987 3671 1144 3782 historie
1160 3671 1307 3764 mentio,
1327 3671 1398 3782 qui

242 3813 362 3890 regem
376 3785 491 3890 strum
509 3785 742 3878 necaverint,
769 3802 839 3864 aut
857 3803 988 3864 contra
1006 3813 1085 3864 eum
1103 3783 1219 3864 armis
1236 3801 1392 3892 pugna·

241 3896 352 3975 rint:
372 3899 572 3976 nominavi
589 3924 664 4004 ego
679 3924 729 3975 ex
742 3895 911 3976 historiis
926 3897 1131 3976 notiffimis
1146 3914 1186 3974 et
1202 3897 1390 4005 privatos,

241 4025 283 4086 et
301 4034 495 4117 proceres,
512 4010 581 4116 qui
602 4037 680 4088 non
702 4010 824 4088 malos
845 4005 1015 4101 tantum,
1035 4008 1115 4101 sed,
1130 4006 1196 4087 vel
1215 4008 1391 4117 optimos

242 4145 353 4226 reges
364 4118 429 4198 sut
442 4147 561 4199 manu
574 4120 866 4216 trucidaverint;
890 4139 992 4201 totos
1003 4119 1306 4200 christianorum
1317 4146 1390 4198 ex·

241 4233 398 4324 ercitus,
414 4232 560 4311 multos
572 4261 667 4312 cum
682 4234 729 4312 iis
742 4232 959 4342 episcopos;
978 4235 1047 4341 qui
1060 4251 1195 4313 contra
1208 4230 1296 4313 suos
1311 4231 1390 4311 im·

240 4363 436 4452 peratores
455 4347 729 4454 pugnaverint.
788 4342 933 4425 Adfers
984 4364 1098 4439 atres,
1121 4343 1390 4424 obedientiam

240 4483 333 4563 erga
357 4482 508 4563 regem,
535 4459 670 4537 multis
689 4456 816 4536 verbis
845 4475 912 4537 aut
939 4374 1140 4536 diademes
1165 4475 1235 4536 aut
1258 4455 1390 4537 osten-

240 4585 386 4662 tantes3
408 4567 543 4648 adfero
556 4597 631 4677 ego
673 4570 789 4648 artim
803 4568 974 4662 eosdem,
989 4569 1134 4679 partim
1150 4568 1247 4648 alios
1261 4588 1390 4677 patres

238 4675 344 4760 haud
362 4680 614 4788 paucioribus
633 4599 745 4762 diois
769 4681 1050 4775 obedientiam,
1067 4681 1189 4761 etiam
1208 4680 1329 4761 licitis
1348 4681 1390 4759 in

237 4792 351 4874 rebus
370 4792 641 4890 detrectantes,
660 4794 779 4875 armis
799 4791 836 4873 se
854 4813 989 4875 contra
1014 4794 1298 4906 imperatorem
1318 4792 1392 4874 de·
