2888 5204
144 203 225 281 294
427 169 518 260 Pro
545 161 731 297 Populo
759 159 1029 293 Anglicano

98 358 101 362 ’
141 358 331 451 ruptum:
353 341 583 421 Salmafium
602 341 711 451 prius
726 337 987 419 demonstravi
1000 333 1182 416 mercede
1195 358 1273 412 con·

144 453 333 546 dublum
364 471 402 532 te
425 452 575 534 constat
597 480 665 562 per
686 451 918 532 Salmafium
936 468 977 530 et
995 443 1274 530 Araufionenses

144 564 414 675 profefforiam
432 563 660 646 cathedram
671 561 837 675 petiiffe,
850 561 1007 655 deinde,
1027 559 1139 670 quod
1151 555 1273 637 foediur

145 676 216 770 est,
255 677 428 783 exagitas
453 677 762 770 Parlamentum,
801 694 842 756 et
879 673 1073 783 subagitas
1099 670 1273 752 Pontiam.

147 791 283 897 Qam
302 807 435 869 autem
452 787 566 869 affers
582 789 788 882 rationem,
803 814 874 867 cur
885 785 967 867 haec
981 784 1031 865 ad
1046 802 1201 867 exteros
1217 806 1272 890 pu

53 914 57 945 ³
147 902 224 980 tius
238 901 492 1009 pertinerent,
505 900 720 981 deridicula
739 898 894 1010 prorsus
905 898 985 991 est;
1007 896 1161 977 sienim
1171 890 1274 999 Angli

147 1013 319 1121 partium
351 1012 486 1093 studiis
516 1012 708 1106 feruntur,
738 1012 836 1120 quid
860 1037 930 1091 vos
953 1008 1078 1103 aliud,
1108 1006 1180 1117 qui
1207 1005 1274 1083 illus

147 1125 246 1204 solos
261 1122 485 1232 sequimini,
501 1121 622 1233 quam
638 1152 777 1204 eorum
793 1122 955 1203 affectus
967 1122 1162 1201 duntaxat
1174 1118 1274 1197 invoa

148 1234 389 1317 transfertis?
409 1238 505 1317 adeo
526 1254 584 1331 ut,
604 1236 631 1315 fi
648 1236 792 1343 Anglis
812 1235 890 1316 illis
908 1232 1153 1314 credendum
1170 1229 1211 1309 in
1226 1227 1274 1307 ltu

145 1348 257 1429 causa
276 1377 357 1430 non
376 1349 445 1442 est,
458 1347 568 1429 vobis
584 1345 761 1457 profedtb
780 1347 825 1427 fit
840 1344 968 1428 multb
982 1345 1130 1437 minus,
1144 1341 1215 1452 qui
1229 1365 1274 1419 rc·

146 1488 236 1541 rum
256 1460 473 1541 nostrarum
497 1458 598 1541 nihil
620 1459 854 1568 intelligitis,
878 1476 946 1538 aut
965 1457 1104 1539 saltem
1120 1451 1274 1543 creditis,

144 1573 216 1651 nisr
241 1600 337 1679 quas
363 1572 411 1652 ab
436 1572 526 1680 ipfis
553 1571 767 1681 accepistis,
798 1569 956 1680 quibus,
984 1568 1110 1649 vestra
1134 1586 1274 1676 quoque
1305 1618 1308 1625 -

146 1681 348 1776 sententia,
368 1685 436 1761 vix
455 1684 512 1763 est
530 1684 784 1764 credendum.
844 1683 927 1763 Hic
946 1680 1103 1761 rursum
1127 1674 1278 1757 effundis

147 1813 186 1875 te
205 1796 247 1873 in
261 1793 419 1875 laudem
435 1797 571 1905 magni
587 1795 784 1877 Salmafii:
816 1821 983 1903 magnus
1001 1790 1091 1873 sane
1112 1790 1186 1871 tibi
1203 1786 1279 1877 fuit,

147 1934 270 2016 quem
282 1926 325 1988 tu
339 1907 445 2015 quafi
457 1935 528 2018 pro
544 1905 685 1988 lenone
700 1904 870 1987 habuisti
884 1905 1034 1986 ancillae
1044 1903 1144 1985 suae:
1164 1899 1283 1983 laudas

150 2037 306 2099 tamen:
329 2021 415 2099 atis
431 2038 469 2099 te
484 2046 563 2098 non
575 2019 722 2113 laudat,
738 2020 864 2099 immo
877 2036 965 2098 ante
979 2034 1154 2098 mortem
1165 2009 1283 2125 palin

147 2132 204 2210 est
229 2130 491 2225 abominatus,
521 2129 637 2239 seque
669 2129 748 2239 ipse
778 2128 923 2210 millies
953 2128 1159 2222 incusavit,
1189 2120 1285 2234 quod

149 2241 391 2353 Spanhemio
415 2243 638 2352 graviffimo
662 2241 888 2349 Theologo,
917 2240 965 2321 de
992 2259 1046 2334 te,
1072 2266 1197 2349 quam
1217 2238 1286 2319 im-

147 2357 236 2464 pius
260 2355 368 2449 effes,
394 2382 473 2434 non
500 2353 731 2435 credidisset.
792 2355 915 2435 Nunc
942 2371 1047 2433 totus
1072 2353 1115 2431 in
1146 2349 1288 2432 rabiem

148 2465 277 2545 versus
291 2467 432 2546 rationi
443 2466 550 2574 quafi
563 2466 785 2547 renuntias:
817 2462 1050 2573 Jamdudum
1068 2463 1214 2545 ratione
1223 2460 1288 2543 sci·

149 2576 241 2656 licet
259 2574 739 2686 defunelusestSalmafius.
798 2580 867 2657 Tu
878 2576 1075 2657 clamandi
1087 2594 1243 2656 tantum
1256 2588 1290 2651 ct

150 2687 307 2769 furendi
325 2707 452 2799 partes
473 2691 545 2770 tibi
561 2689 752 2800 deposcis,
773 2708 813 2768 et
834 2709 965 2769 tamen
984 2690 1133 2799 primas
1152 2690 1195 2770 in
1212 2712 1290 2766 ma·

149 2800 354 2881 ledicendo
370 2802 490 2882 etiam
507 2802 644 2882 tribuis
658 2801 867 2882 Salmafio:
893 2830 962 2882 non
980 2801 1069 2911 quia
1086 2796 1291 2904 verbr'ssae·

150 2913 226 3007 vit,
249 2911 324 3018 ſsd
344 2915 432 3023 quia
459 2914 671 3020 Salmafius.
721 2928 764 2994 Ω
784 2908 1036 3022 σπερμολόγα]
1066 2909 1136 2992 has
1157 2936 1292 3018 nempe

149 3027 319 3133 argutias
332 3027 585 3133 morigeranti
598 3026 790 3106 debemus
804 3026 964 3105 Pontiae.
1024 3024 1293 3104 Hincclamor

150 3156 239 3219 tuus
266 3139 438 3247 argutari
461 3156 577 3245 atque
604 3138 725 3218 etiam
748 3137 987 3217 niinurizare
1011 3135 1176 3231 didicit;
1206 3133 1293 3215 hinc

151 3250 446 3330 minitabundus
465 3278 625 3358 quoque
649 3248 895 3358 experiemini,
919 3250 1064 3357 inquis,
1090 3243 1294 3359 aliquande,

137 3360 347 3470 soedfimae
360 3360 505 3455 belluae,
525 3361 617 3471 quid
617 3361 715 3471 styli
722 3361 929 3471 potuerint.
985 3362 1099 3440 Tene
1120 3360 1296 3471 experie-

152 3501 256 3568 mur,
270 3473 524 3568 ancillariole,
537 3494 625 3554 tene
646 3471 815 3567 moeche,
835 3491 904 3553 aut
923 3472 1068 3579 stylum
1084 3494 1218 3565 tuum,
1232 3496 1296 3551 an·

150 3585 252 3664 cillis
266 3584 540 3664 tantummodi)
552 3585 839 3665 metuendum?
859 3584 925 3664 cui
938 3584 964 3663 sr
976 3584 1064 3692 quis
1080 3583 1297 3694 raphanum

151 3716 219 3776 aut
231 3696 426 3803 mugilem
438 3696 564 3776 solum
577 3698 801 3790 intenderit,
816 3699 947 3776 aetum
960 3694 1191 3777 mehercule
1205 3723 1296 3805 pre·

150 3804 252 3887 clare
274 3826 407 3887 tecum
426 3829 554 3915 putes,
579 3809 606 3888 sr
628 3828 715 3888 nate
735 3837 814 3888 non
833 3807 913 3888 fissa
931 3827 972 3888 et
991 3807 1186 3888 incolumi
1206 3805 1298 3915 stylo

150 3920 223 4001 isto
237 3919 350 3999 salaci
364 3938 433 3998 tuo
449 3947 567 4027 queas
584 3921 784 4028 aufugere.
820 3919 996 4030 Equidem
1015 3949 1085 4000 non
1104 3919 1194 4001 adeo
1198 3919 1296 4027 surr,

151 4033 296 4141 inquis,
316 4031 435 4112 uacui
449 4032 582 4143 capitis
601 4053 645 4115 ut
658 4032 892 4141 provrirciam
911 4030 937 4111 ei
958 4031 1133 4138 Salmasto
1147 4031 1299 4141 suscep·

149 4164 227 4225 tem
246 4142 476 4253 aggrediar:
504 4174 626 4253 quam
644 4146 710 4225 ille
730 4145 894 4252 quidem
915 4144 992 4223 fine
1012 4146 1141 4253 capite
1162 4146 1298 4226 admo-

150 4261 248 4338 dum
279 4285 415 4351 vacu0,
449 4285 651 4367 nunquam
683 4256 877 4364 aggressus
905 4254 1059 4350 fuiffet3
1091 4254 1232 4338 festive
1257 4274 1298 4335 tu

149 4372 311 4479 quidem
324 4371 516 4452 vacuitate
529 4371 681 4478 capitis,
695 4395 885 4476 magnum
899 4366 1131 4449 Salmasrum
1146 4369 1221 4450 tibi
1234 4394 1298 4448 an-
