796 1583
269 285 381 311 Defenfio
394 286 508 310 Secunda.
636 296 675 317 303

99 330 140 350 ›lus
147 335 251 358 potuerant
260 330 376 359 potentffmi
384 331 448 358 Belgii
453 330 549 357 foederati
558 330 637 354 ordines,
647 338 678 358 qut

99 363 133 379 ber
143 363 227 379 oratores
234 359 280 386 suos
289 364 307 379 et
314 364 370 386 prece
379 363 397 379 et
404 359 466 386 pretio
476 358 535 379 oblato
543 358 621 386 strenue
629 359 678 379 alla-

99 386 195 407 borarunt
204 387 283 414 siu-rum
295 387 353 414 Regis
367 391 424 414 caput
438 386 532 407 redimere.
562 387 620 407 Velle
632 394 678 415 pro-

99 414 155 435 Γεᾶὸ
161 414 258 441 justitiam
268 415 294 435 fic
303 415 407 439 redimere,
419 415 473 435 idem
484 420 526 435 erat
538 419 597 442 atque
610 422 678 442 regem

99 442 177 463 salvum
184 443 236 463 nolle
244 451 249 463 z
258 443 327 463 verbm
334 443 451 466 didicerunt,
459 450 497 463 non
504 450 572 463 omnes
581 443 618 463 effe
626 450 679 463 mer-

99 475 189 494 eatores;
204 478 244 492 non
256 471 305 491 adeb
315 472 422 492 vendacem
431 471 469 491 effe
479 472 573 491 Senatum
583 471 679 499 Anglica-

99 505 158 519 uum.
188 500 248 527 Qod
258 504 325 519 autem
339 500 363 520 ad
371 499 470 526 judicium
486 499 545 526 regis,
557 504 579 519 ut
586 499 678 526 plurima,

99 526 175 554 inquis,
184 528 330 555 Chrssoſsmilia
336 528 416 548 Carolus
422 532 529 555 pateretur,
535 527 602 547 milites
611 527 630 547 in
638 535 679 547 eum

99 554 216 582 bug-eminant
225 555 313 576 ludibria.
344 556 402 576 Plura
410 556 492 583 quidem
516 555 564 575 affus
572 555 600 576 est
608 555 679 576 fimilia

99 583 194 603 Christus
206 583 308 607 maleficis,
321 583 382 611 quam
393 584 476 603 Carolus
486 583 503 603 C
520 583 572 607 risso,
584 588 604 603 et
615 584 679 604 multa

99 610 212 631 istiusmodi
217 612 341 638 jadabantur
346 611 407 639 vulgo
413 611 437 631 ab
444 612 467 631 iis
473 611 545 639 quibus
551 611 575 631 ad
583 611 678 631 invidiam

99 638 151 659 faeti
161 639 257 666 majorem
262 640 394 663 excitandam,
402 639 480 667 quidvis
487 639 561 666 fingere
568 644 602 660 aut
609 639 678 660 fletum

99 667 175 687 referre
185 667 272 694 studium
285 672 339 688 erat:
355 668 396 688 Fac
410 673 476 688 tamen
490 668 590 694 gregarios
605 668 678 688 milites

99 694 217 716 insolentius
227 695 245 716 se
255 696 340 723 geffifl'e5
351 702 390 715 non
401 696 421 716 id
431 695 526 715 continuo
536 696 556 715 in
566 695 644 716 causam
650 696 679 716 est

99 723 252 744 conferendum.
275 724 384 744 Maflatum
391 723 436 743 verb
445 723 477 751 ff
486 723 587 751 quempiam
593 723 620 743 ad
624 724 680 751 pedes

99 752 153 778 regis
159 752 300 779 praetrreunn's,
309 756 440 779 apprecantem
449 756 471 771 ut
477 751 532 771 Deus
539 751 578 778 ejus
585 752 612 771 mi
617 759 679 772 erere-

99 784 144 803 mr‚
148 786 184 800 nec
189 785 245 800 antea
248 780 314 800 audivi
318 787 414 807 unquam,
418 786 454 800 nec
457 779 678 807 convenirequenquam

99 807 168 828 adhuc
176 808 233 835 potui
240 808 275 835 qui
282 808 383 828 audivisset
390 815 395 828 ι
410 808 459 835 quin
467 808 531 828 immo
537 808 640 828 tribunum
647 809 678 836 ip-

100 835 155 859 sum,
162 836 197 863 qui
207 841 249 856 toto
259 836 312 856 illius
317 836 388 863 judicii
397 841 486 863 tempore
495 836 587 856 custodiis
594 835 679 863 praefust,

100 863 194 891 regisque
204 863 215 884 ὲ
224 864 284 884 latere
293 865 328 884 vix
337 864 427 887 discessit,
437 864 599 891 interrogandum
609 863 645 884 hac
655 864 680 885 de

102 899 124 912 re
132 892 212 912 curavi:
228 892 244 912 is
251 892 335 919 denique
343 899 380 912 nee
390 892 461 912 audiffe
472 892 490 912 se
500 891 538 912 hoc
544 897 608 916 antea,
617 897 636 912 et
644 899 679 920 pro

102 925 159 940 certo
169 919 216 940 scire
227 920 348 940 falfiffimum
355 920 376 940 id
385 920 431 944 effe,
439 920 548 940 constanter
555 920 679 941 affeverabat.

104 948 137 968 Ex
143 955 185 975 quo
191 948 276 975 intelligi
284 948 347 976 potest
353 953 432 968 tuarum
438 948 572 969 narrationum
581 948 636 971 fides,
643 949 680 968 eti-

103 983 138 996 am
148 977 169 996 in
177 976 257 1004 reliquis
267 975 328 1004 quam
336 976 393 996 firma
403 976 432 996 fit.
450 976 506 996 Nam
515 976 536 996 in
544 976 680 996 benevolentia

104 1011 185 1032 quoque
195 1009 216 1024 et
224 1004 345 1028 adoratione,
356 1004 369 1024 fi
379 1004 448 1032 poffes,
459 1004 531 1024 Carolo
541 1004 585 1031 post
595 1009 680 1024 mortem

103 1033 234 1060 procuranda,
241 1039 301 1060 quam
312 1033 332 1052 in
342 1033 388 1052 odio
398 1032 454 1052 nobis
463 1032 495 1052 vel
503 1032 622 1059 iniquiffime
632 1039 680 1052 con-

105 1060 171 1080 flando
181 1060 234 1080 haud
244 1060 308 1080 multo
318 1061 405 1080 veracior
414 1060 525 1080 invenieris.
550 1059 643 1080 Auditum
652 1061 680 1080 ais

99 1088 136 1115 fui
147 1096 158 1108 e
165 1089 234 1115 Regem
244 1089 263 1109 in
268 1088 334 1116 fatali
341 1093 427 1116 pegmate
436 1088 523 1115 Epfiopo
533 1088 644 1115 Londinenfi
650 1088 680 1108 in-

102 1116 423 1144 geminantem,mement0,memento.
442 1117 465 1136 ld
472 1116 606 1143 regisJudices
611 1117 680 1137 anxios

104 1151 178 1172 nempe
186 1144 263 1168 habuit,
271 1145 319 1172 quid
328 1145 362 1165 illa
372 1145 466 1165 ultimum
477 1145 545 1165 iterata
552 1151 592 1165 vox
603 1144 638 1165 fibi
645 1152 681 1165 vo-

105 1172 182 1193 luifl'et:
198 1173 308 1196 accersitur,
318 1178 341 1193 ut
350 1173 385 1196 ais,
396 1172 513 1200 Episcopus,
524 1178 545 1193 et
557 1172 606 1192 illud
616 1174 681 1200 gemi-

104 1208 155 1221 num
173 1206 260 1221 memento
276 1201 323 1228 quid
338 1201 373 1221 fibi
388 1201 508 1228 quaefiviffet,
524 1200 595 1221 additis
614 1201 681 1225 minis,

105 1229 208 1249 enuntiare
216 1229 304 1255 jubetur.
334 1229 353 1249 Is
366 1229 439 1256 primo,
453 1229 488 1255 (fic
497 1229 551 1249 enim
562 1229 611 1256 fingi
621 1236 681 1257 expe-

104 1257 181 1284 diebat)
187 1264 213 1277 ex
221 1257 330 1284 compofito
338 1257 433 1277 nimirum
441 1257 520 1277 delicias
528 1257 587 1280 secia
595 1262 622 1281 et,
629 1257 682 1284 quali

105 1292 200 1305 arcanum
210 1285 318 1312 quoddam,
329 1285 410 1313 prodere
420 1285 522 1305 recusavit.
548 1285 602 1305 Cum
612 1285 641 1305 illi
647 1292 681 1305 ve—

105 1312 220 1333 hementius
230 1313 330 1337 instarent,
338 1313 358 1333 id
366 1313 420 1340 quafi
427 1318 481 1333 metu
492 1313 527 1333 fibi
535 1312 653 1340 expreffum,
663 1318 683 1333 et

105 1341 182 1362 nolenti
192 1346 301 1365 extortum,
316 1341 365 1368 aegre
376 1341 455 1361 tandem
465 1341 534 1365 edidit,
544 1341 598 1368 quod
608 1348 628 1361 re
639 1348 684 1361 vera
