2888 5204
160 147 235 231 168
428 145 518 236 Pro
545 138 728 272 Populo
755 137 1023 271 Anglicano

154 320 315 427 privatis
327 319 448 399 etiam
463 319 630 399 consrliis
646 338 713 398 aut
725 321 843 399 armis
855 319 1060 399 subvenire
1080 319 1288 428 reipublice

154 431 461 511 laudatissimum
474 431 626 539 semper
639 430 731 525 firit,
744 457 823 512 non
837 431 893 511 est
903 431 1008 511 certe
1024 459 1098 511 cur
1110 433 1290 512 exercitus

151 542 388 653 reprehendi
412 542 540 652 poffit,
564 544 634 651 qui
655 543 893 623 Parlamenti
911 541 1151 623 authoritate
1170 544 1220 623 ad
1236 572 1291 623 ur·

154 654 248 734 bem
262 656 465 736 accerfitus
477 657 667 764 imperata
679 653 797 750 fecit;
822 673 863 734 et
874 656 1077 763 regiorum
1092 654 1293 736 factionem

154 783 270 874 atque
290 769 509 847 tumultum
529 767 599 876 ipsr
623 767 739 846 curiae
761 764 896 877 saepibs
916 769 1171 847 minitantem
1190 766 1292 849 facile
1341 820 1344 851 :

153 880 409 988 compescuit.
469 881 517 958 ln
532 879 571 958 id
585 898 717 959 autern
729 878 937 959 discrimen
951 879 1120 959 addusta
1134 898 1296 973 reserat,

154 1010 198 1069 ut
217 1012 284 1072 aut
303 1020 373 1072 nos
396 991 445 1071 ab
470 992 562 1086 illis,
588 1009 655 1071 aut
680 990 768 1071 illos
787 988 809 1071 ὲ
829 991 940 1072 nobis
960 992 1138 1101 opprimi
1157 991 1295 1072 necesse

153 1101 256 1183 esset.
300 1141 301 1144 ¹
318 1104 477 1185 Stabant
496 1103 544 1182 ab
569 1104 646 1183 illis
667 1103 975 1183 Londinenfium
994 1103 1176 1213 plerique
1194 1104 1298 1185 insti«

154 1233 255 1296 tores
268 1237 384 1326 atque
400 1215 574 1325 opifices,
594 1234 635 1294 et
652 1215 922 1328 ministrorum
940 1213 1198 1296 faetiofiffimi
1215 1218 1299 1325 qui·

153 1355 256 1435 que;
278 1325 300 1408 b
319 1328 431 1408 nobis
446 1327 641 1407 exercitus
655 1354 799 1435 magna
820 1327 911 1420 fide,
931 1327 1138 1421 modestia,
1158 1331 1300 1409 virtute

152 1441 346 1547 cognitus.
408 1442 482 1520 Per
496 1438 568 1518 hos
580 1467 673 1518 curn
687 1440 852 1518 retinere
867 1438 1106 1533 libertatem,
1119 1442 1300 1551 rempub.

152 1550 315 1631 salutem
334 1552 483 1646 liceret,
507 1579 554 1631 an
575 1549 657 1631 haec
675 1553 810 1631 omnia
832 1579 903 1660 per
927 1553 1129 1658 ignaviam
1147 1573 1192 1633 et
1210 1552 1304 1634 stul·

152 1664 282 1743 titiam
311 1663 510 1773 prodenda
533 1661 644 1743 fuisse
670 1663 826 1743 censes?
874 1663 1075 1778 Debellati
1104 1667 1305 1773 regiarum

150 1775 324 1884 partium
343 1774 460 1855 duces
479 1803 587 1854 arma
601 1775 765 1883 quidem
780 1775 909 1869 inviti,
924 1777 1107 1856 animum
1118 1776 1307 1859 hostilem

150 1916 230 1967 non
245 1886 525 1996 deposuerant:
556 1887 741 1967 omnibus
752 1887 847 1965 belli
859 1888 1071 1968 renovandi
1088 1890 1305 1971 occasioni·

152 1999 224 2081 bus
241 2000 382 2079 intenti
398 1999 446 2080 ad
462 1999 601 2081 urbem
621 1999 658 2078 se
675 2017 914 2108 receperant.
947 2001 1056 2080 Cum
1070 1997 1149 2096 his,
1162 2029 1307 2110 quam·

151 2112 208 2193 vis
233 2113 523 2205 inimiciffimis,
552 2113 732 2218 quamvis
756 2112 985 2218 sanguinem
1017 2140 1157 2193 eorum
1189 2113 1305 2195 avide

151 2223 381 2318 fitientibus,
404 2223 698 2331 Presbyteriani,
711 2224 918 2362 postquam
937 2251 1016 2304 non
1033 2228 1216 2334 permitti
1235 2227 1307 2307 fibi

152 2336 194 2413 in
213 2363 350 2414 omnes
378 2355 458 2415 tarn
482 2335 642 2414 civilem
662 2364 784 2444 quam
803 2336 1099 2416 ecclesiasticam
1119 2339 1306 2419 domina·

151 2447 301 2527 tionem
313 2447 510 2541 viderunt,
523 2447 758 2528 clandestina
769 2447 941 2543 confilia,
954 2467 994 2528 et
1005 2449 1204 2558 prioribus
1217 2471 1306 2532 turn

149 2558 262 2641 distis
291 2578 377 2638 turn
403 2557 514 2638 fartis
541 2559 805 2667 indigniffima
829 2560 1047 2640 consociare
1073 2584 1303 2671 coeperant:

149 2699 275 2778 eoque
292 2670 512 2751 acerbitatis
527 2671 754 2780 processere,
775 2690 819 2752 ut
834 2672 997 2753 mallent
1012 2672 1049 2753 se
1066 2676 1151 2782 regi
1166 2674 1302 2756 denub

149 2783 388 2892 mancipare,
415 2781 536 2890 quim
556 2781 692 2863 fratres
708 2783 793 2864 suos
808 2785 849 2862 in
873 2805 1026 2893 partem
1045 2784 1158 2866 illam
1177 2787 1301 2868 liber·

148 2896 237 2975 tatis
269 2923 389 3003 quam
423 2914 462 2975 et
494 2895 565 3004 ips1
595 2895 663 2976 suo
690 2895 759 2974 fibi
786 2895 969 3004 sanguine
1000 2899 1300 3006 acquisiverant,

148 3007 378 3103 admittere;
404 3007 566 3088 mallent
591 3027 798 3115 tyrannum
815 3027 873 3089 tot
888 3010 1037 3089 civium
1053 3038 1192 3090 cruore
1212 3040 1302 3121 per·
1321 3100 1333 3117 ⁶

148 3119 279 3200 fusum
301 3120 357 3200 ira
376 3121 416 3198 in
437 3119 670 3229 superstites,
690 3140 730 3200 et
752 3141 941 3229 concepta
959 3121 1044 3227 jam
1065 3122 1217 3203 ultione
1237 3153 1302 3204 ar-

147 3233 306 3313 dentem
331 3232 457 3312 rursus
483 3232 655 3341 experiri
678 3231 901 3327 dominum,
931 3231 1052 3340 quim
1078 3233 1233 3330 fratres,
1260 3255 1302 3316 et

145 3346 397 3425 amiciffimos
416 3372 527 3451 aequo
544 3344 633 3449 jure
659 3342 759 3423 ferre
785 3344 854 3423 fibi
881 3373 1005 3454 pares.
1066 3347 1148 3426 Soli
1177 3347 1301 3428 Inde·

145 3459 358 3565 pendentes
378 3458 448 3565 qui
464 3475 666 3550 vocantur,
687 3455 791 3535 etad
809 3456 996 3537 ultimum
1016 3457 1088 3537 fibi
1105 3458 1299 3555 constare,

146 3588 186 3648 et
204 3569 270 3650 sua
290 3570 348 3648 uti
368 3569 531 3648 victoria
550 3568 744 3649 sciebant:
775 3570 846 3676 qui
876 3596 927 3648 ex
957 3597 1048 3677 rege
1078 3568 1237 3653 bostem
1261 3573 1299 3653 se

144 3678 303 3773 fecerat,
321 3709 414 3759 eum
430 3709 480 3759 ex
500 3678 609 3759 hoste
630 3707 765 3787 regern
789 3680 863 3760 effe
883 3683 1068 3791 amplius,
1088 3682 1299 3792 sapienter,

144 3819 235 3872 meo
250 3793 413 3900 quidem
423 3792 591 3898 judicio,
605 3791 812 3871 nolebant:
844 3820 972 3901 neque
987 3821 1127 3905 pacem
1148 3796 1299 3877 idcirco

143 3931 222 3984 non
235 3904 431 3998 volebant,
449 3904 511 3984 sed
524 3905 748 3983 involutum
763 3904 870 4013 pacis
885 3908 1047 3985 nomine
1062 3925 1130 3986 aut
1141 3908 1297 3990 bellum

142 4044 306 4111 novum,
315 4034 381 4096 aut
392 4036 576 4099 aeternam
587 4016 813 4097 servitutem
826 4018 1036 4125 prudentes
1048 4020 1296 4103 metuebant.

67 4221 68 4224 p
143 4131 378 4210 Exercitum
389 4147 522 4209 autem
539 4129 715 4209 nostrum
729 4157 809 4236 quo
823 4128 943 4209 firfius
958 4128 1150 4210 infamare
1162 4133 1297 4241 poffis,

141 4245 404 4325 narrationem
424 4242 622 4350 quandam
648 4268 779 4320 rerum
807 4240 1026 4322 nostrarum
1049 4242 1300 4327 inconditam

140 4374 180 4436 et
203 4355 405 4466 strigosam
431 4354 645 4436 exordiris:
677 4353 717 4433 in
750 4381 828 4461 qua
855 4354 1005 4435 tametfi
1034 4356 1162 4437 multa
1187 4356 1298 4453 falsa,
