2888 5204
434 607 438 612 ·
470 554 746 694 Responsro,
771 584 862 657 etc.
1160 601 1233 657 221

100 730 203 813 'circs
217 733 339 816 latine
357 731 480 845 quam
498 734 545 813 fis
561 732 756 814 malitiose
769 733 894 841 loqui,
910 759 990 811 non
1006 734 1242 841 quingentos

100 844 219 940 nille,
239 844 303 928 sed
323 848 540 957 quingenta
553 846 694 941 millia,
711 847 852 957 opinor
865 864 902 925 te
919 845 1048 925 dicere
1067 847 1241 927 voluisse.

100 958 194 1066 Qis
210 957 302 1038 vero
316 960 462 1040 Carolo
483 956 593 1067 pejor
613 977 812 1066 tyrannus,
828 958 916 1065 quis
937 959 1053 1066 poenai
1072 959 1243 1067 dignior,

100 1071 158 1178 lui
170 1097 242 1178 per
255 1073 328 1152 tria
339 1099 458 1181 regna
470 1071 558 1180 plus
573 1071 702 1152 decies
715 1088 877 1151 centena
889 1067 1102 1150 hominum
1117 1071 1244 1150 millia

100 1182 236 1263 sertim
256 1184 431 1264 Laniend
449 1184 517 1263 illa
537 1182 770 1277 Hibernica,
791 1181 936 1292 partim
955 1180 1059 1262 bello
1079 1183 1243 1290 iniquis-

100 1293 189 1375 imo
204 1295 362 1378 occidit.
422 1297 559 1402 Negas
578 1297 687 1403 quod
701 1295 898 1404 superiore
910 1313 1144 1400 argumento
1159 1296 1244 1375 dic-

100 1432 179 1487 um
203 1405 273 1500 est,
297 1435 434 1516 regem
457 1434 536 1487 non
561 1408 702 1488 debere
726 1407 876 1517 populo
900 1405 1092 1486 resistere:
1124 1434 1242 1516 negas

100 1544 144 1599 >o
173 1517 287 1598 ulum
312 1521 527 1628 quicquam
552 1520 722 1628 possein
742 1521 914 1627 Regem,
939 1518 1032 1625 quia
1058 1520 1243 1628 populus,

100 1545 249 1736 &strar
265 1630 329 1739 est,
349 1633 440 1712 Rex
445 1630 635 1741 strperior.
677 1634 735 1711 At
753 1631 981 1711 memineris
998 1631 1154 1737 Regem
1174 1657 1244 1711 na-

100 1741 179 1828 :urd
193 1740 434 1853 superiorem
449 1770 529 1823 non
545 1742 633 1836 esse,
649 1742 714 1822 sed
733 1741 914 1824 consensu
931 1737 1086 1822 tantirm
1100 1762 1140 1822 et
1158 1741 1241 1822 sus-

100 1849 228 1962 Tragiis
240 1857 381 1964 populi
392 1856 441 1935 ad
454 1882 542 1934 eam
555 1854 628 1934 esse
643 1855 879 1962 dignitatem
894 1857 1064 1946 evenus,
1078 1854 1245 1962 publicae

100 1963 222 2046 'alutis
234 1968 365 2062 caussa
382 1995 463 2075 quo
475 1967 523 2046 ab
535 1967 665 2046 officio
678 1966 706 2045 fi
718 1964 834 2077 plane
845 1965 1060 2059 desciverit,
1071 1964 1245 2075 superior

100 2075 167 2157 effe
179 2077 338 2174 desinit;
356 2081 449 2186 quia
460 2106 531 2159 cur
543 2078 634 2158 esset
647 2076 820 2187 superior
832 2077 942 2157 causa
955 2078 1062 2157 nulla
1074 2076 1244 2188 amplius

100 2187 157 2272 di.
191 2187 301 2269 Cirm
313 2218 458 2270 munus
474 2192 649 2298 Regium
669 2218 876 2299 perperam
896 2190 1243 2283 administraverat,

100 2298 143 2381 ›b
161 2302 271 2410 quod
290 2330 434 2383 munus
449 2302 654 2395 duntaxat,
680 2299 775 2382 ciun
797 2329 897 2381 unus
917 2298 938 2380 ὲ
956 2301 1093 2381 multis
1111 2301 1244 2410 primo

100 2408 227 2508 tuerit,
254 2412 377 2495 fastus
401 2415 585 2494 omnium
615 2413 818 2522 supremus
841 2412 910 2492 est.
968 2412 1036 2491 Ad
1067 2413 1107 2492 id
1137 2415 1245 2520 quod

100 2521 245 2605 lixerat
256 2527 468 2620 Miltonus,
484 2527 579 2607 Non
593 2526 699 2634 quod
713 2528 824 2605 Deus
833 2524 942 2630 juffit
957 2544 1166 2631 tyrannum
1181 2527 1244 2604 in·

100 2637 242 2731 terimi,
257 2637 344 2718 ideo
357 2637 508 2719 bonum
520 2658 618 2732 erat;
636 2637 700 2716 sed
713 2636 820 2746 quod
832 2637 984 2716 bonum
995 2656 1091 2734 erat,
1100 2637 1245 2718 idcirco

100 2749 207 2831 Deus
219 2748 342 2855 juffit,
360 2769 403 2830 tu
420 2750 640 2860 respondes,
656 2749 776 2855 Cujm
789 2747 1019 2835 contrarium
1031 2778 1162 2829 verum
1181 2749 1243 2858 est.

100 2860 198 2943 Nam
211 2861 388 2972 quicquid
394 2865 503 2944 Deus
502 2861 629 2968 jubet,
642 2860 771 2942 bonum
782 2861 844 2971 est,
857 2878 894 2940 et
906 2859 981 2942 ideo
997 2860 1141 2958 bonum,
1153 2862 1251 2973 qudd

100 2970 335 3077 Deusjubet.
395 2976 574 3055 Doctum
593 2972 687 3053 vero
707 2976 909 3053 neminem
932 2970 1008 3053 hoc
1031 2972 1140 3068 latet,
1165 2976 1245 3056 Bo-

100 3111 192 3166 ium
211 3086 253 3164 in
272 3087 482 3195 posrtivum
503 3106 542 3166 et
557 3086 704 3166 morale
721 3085 891 3175 divisum
906 3083 994 3164 esse.
1026 3087 1244 3168 Pofitivum

100 3196 162 3293 ast,
182 3198 291 3336 quod
315 3197 405 3279 ante
424 3197 665 3291 indifferens,
691 3196 843 3277 bonum
867 3217 962 3277 tunc
989 3197 1129 3307 incipit
1154 3199 1243 3293 esse,

100 3334 225 3390 :uma
245 3310 335 3390 Deo
348 3309 524 3417 jubetur.
584 3308 740 3389 Morale
761 3308 854 3389 vero
870 3309 1035 3402 bonum,
1055 3330 1245 3392 aeternum

100 3438 132 3502 st
144 3419 396 3502 immutabile
413 3439 559 3515 manet,
576 3422 651 3501 srve
672 3421 783 3501 Deus
796 3420 962 3526 jusserit,
977 3421 1053 3500 five
1069 3449 1147 3501 non
1160 3423 1244 3528 jus-

100 3531 206 3628 serit;
237 3533 388 3613 bonum
415 3533 640 3639 hujusmodi
670 3533 726 3612 est
753 3553 963 3640 tyrannum
994 3534 1163 3640 perimi:
1195 3537 1244 3616 ad

100 3672 173 3753 guo
193 3642 344 3726 facinus
358 3646 588 3756 praeclarum
602 3645 747 3725 ducem
763 3644 878 3725 illum
892 3642 1017 3750 Jehu,
1034 3662 1122 3724 tum
1142 3644 1243 3728 forte

100 3754 196 3838 sihil
220 3758 297 3838 tale
317 3759 574 3867 cogitantem,
599 3786 676 3867 prae
698 3759 844 3836 caeteris
871 3757 1061 3837 incitavit.
1123 3760 1245 3871 Qod

100 3887 227 3951 tutem
242 3870 312 3964 ais,
328 3869 565 3951 bonitatem
584 3869 713 3951 diuina
732 3870 926 3949 voluntate
937 3866 1110 3977 pendere,
1127 3899 1244 3967 erras,

100 3997 136 4063 rt
146 3999 304 4072 caetera3
320 3981 471 4063 bonitas
487 3984 596 4062 enim
611 4009 689 4061 non
703 3976 834 4061 minias
849 3982 897 4060 de
910 3980 1066 4061 essentia
1078 3983 1159 4064 Dei
1173 3984 1244 4078 est,

100 4089 215 4231 guam
234 4093 315 4202 ipsa
328 4095 408 4175 Dei
424 4094 616 4175 voluntas.
671 4089 825 4173 Veriun
841 4094 889 4172 de
905 4090 966 4172 his
987 4093 1105 4174 nimis
1121 4095 1247 4177 multa

100 4232 188 4287 :um
206 4205 348 4286 stolido
375 4226 415 4286 et
441 4206 576 4286 idiota.
637 4206 907 4285 Percurrimus
938 4205 980 4282 in
1007 4201 1085 4286 hoc
1115 4209 1246 4316 capite

100 4317 284 4427 luicquid
301 4321 526 4426 argumenti
540 4319 624 4398 vim
639 4317 762 4398 ullam
782 4317 825 4397 in
844 4314 881 4396 se
896 4313 1040 4396 habere
1052 4319 1245 4413 videatur,

100 4446 138 4510 st
147 4428 261 4510 bonis
271 4431 363 4511 viris
374 4449 413 4510 et
424 4428 734 4540 intelligentibus
745 4425 867 4537 quam
879 4429 1054 4509 maxime
1068 4429 1243 4512 satisfiat:

100 4542 239 4623 :eteris
257 4542 340 4649 ejus
359 4543 516 4652 ineptiis
536 4562 575 4622 et
590 4541 839 4650 nugamentis
851 4542 923 4651 qui
935 4560 1130 4636 movetur,
1151 4573 1246 4624 eum

100 4680 220 4763 seque
235 4680 452 4749 moramur,
465 4682 593 4762 neque
610 4655 824 4735 retinemus
835 4682 915 4763 quo
929 4650 1060 4733 minus
1072 4655 1112 4734 in
1124 4655 1247 4737 castra

100 4763 296 4848 sdversarii
315 4766 436 4849 nostri
456 4765 538 4849 tam
553 4763 686 4847 diserti
701 4786 819 4875 atque
830 4765 976 4847 eruditi
988 4766 1147 4847 transire
1158 4766 1249 4878 pos-
