2888 5204
476 552 700 655 Defensro
726 558 954 656 Secunda.
1206 595 1280 674 291

130 730 317 840 piscenda
339 731 586 843 potiffimbm
607 733 676 814 est.
738 735 846 813 Cum
870 736 1003 843 itaque
1026 754 1102 816 tres
1121 736 1286 815 omnino

128 843 487 926 animadverterem
499 847 689 927 libertatis
701 847 776 927 effe
791 846 1047 956 species,quae
1062 847 1131 926 nis1
1146 847 1283 942 adsint,

130 957 214 1035 vita
234 956 315 1037 ulla
331 958 489 1066 transigi
507 957 718 1040 commode
731 960 799 1038 vix
814 959 943 1068 poffit,
957 959 1282 1054 Ecclesiasticam,

130 1067 390 1151 domesticam
401 1070 466 1150 seu
478 1073 810 1180 privatam,atque
822 1072 1001 1153 civilem:
1016 1072 1144 1180 deque
1154 1073 1283 1182 prima

127 1178 216 1287 jam
228 1181 469 1292 scripfiffem,
478 1184 605 1291 deque
619 1183 1019 1292 tertiaMagistratum
1030 1183 1284 1292 sedulbagere

129 1292 324 1388 viderem,
339 1323 426 1402 quae
445 1296 596 1404 reliqua
616 1294 780 1376 secunda
795 1315 891 1390 erat,
905 1296 1162 1377 domesticam
1181 1293 1284 1377 mihi

129 1403 351 1515 desumpsr3
372 1436 418 1487 ea
436 1435 595 1515 quoque
617 1409 823 1516 tripartita,
836 1405 931 1488 ciam
944 1409 1142 1490 videretur
1153 1408 1282 1503 effe,ti

130 1544 193 1599 res
208 1518 440 1627 conjugalis,
454 1520 482 1600 fi
496 1519 713 1600 liberorum
729 1519 922 1599 institutio
937 1519 1040 1600 redte
1054 1519 1091 1601 se
1105 1518 1282 1616 haberet,

129 1628 160 1709 fi
179 1629 350 1737 denique
365 1631 487 1712 libere
500 1629 802 1742 philosophandi
815 1631 982 1741 potestas
998 1632 1104 1727 esset,
1116 1634 1165 1712 de
1185 1660 1282 1712 con·

124 1739 244 1849 jugio
263 1770 343 1823 non
368 1741 497 1825 solium
522 1742 595 1825 rite
619 1741 901 1838 contrahendo,
928 1742 1228 1839 verumetiam,
1253 1744 1282 1824 st

129 1854 281 1935 necesse
301 1855 406 1951 effer,
421 1856 675 1950 dissolvendo,
691 1856 788 1965 quid
808 1855 990 1936 sentirem
1008 1857 1200 1965 explicui,
1220 1857 1282 1936 id-

128 1992 211 2075 que
224 1994 276 2046 ex
287 1967 420 2048 divina
431 1969 533 2075 lege,
545 1966 854 2075 quamChristus
865 1996 945 2049 non
957 1968 1122 2063 sustulit,
1135 1969 1283 2049 nedum

127 2078 267 2172 aliam,
287 2097 368 2160 tota
388 2081 476 2188 lege
497 2080 674 2161 Mosaica
693 2082 915 2188 graviorem
938 2081 1107 2162 civiliter
1130 2081 1280 2161 sanxit:

128 2191 230 2299 quid
250 2191 348 2272 item
363 2192 412 2272 de
432 2212 597 2301 excepta
615 2188 743 2273 solbm
758 2192 1016 2273 fornicatione
1036 2191 1283 2273 sentiendum

129 2302 193 2397 fit,
217 2321 257 2382 et
279 2332 411 2384 meam
434 2305 682 2412 aliorumque
709 2303 939 2385 sententiam
970 2305 1209 2413 exprompsi,
1240 2324 1282 2385 et

129 2415 363 2497 clariffimus
393 2417 454 2496 vir
484 2416 671 2497 Seldenus
703 2416 845 2510 noster,
871 2417 913 2495 in
944 2418 1083 2496 Uxore
1113 2416 1282 2497 Hebraea

129 2525 223 2637 pilu
242 2529 373 2609 minus
392 2527 553 2609 biennio
565 2528 652 2639 post
671 2528 789 2621 editd,
808 2526 967 2609 uberius
986 2528 1279 2609 demonstravit.

130 2640 167 2720 F
168 2637 292 2721 rustrl
303 2642 412 2721 enim
424 2640 645 2721 libertatem
660 2640 701 2719 in
714 2641 885 2721 comitiis
896 2658 937 2720 et
950 2638 1036 2721 soro
1051 2660 1198 2750 crepat,
1209 2642 1280 2748 qui

129 2751 243 2833 domi
262 2752 490 2834 servitutem
509 2756 595 2833 viro
615 2752 938 2859 indignisfimam,
965 2749 1141 2833 inferiori
1159 2754 1281 2833 etiam

130 2862 263 2959 servit,
275 2894 320 2946 ea
332 2867 455 3002 igitur
468 2866 517 2945 de
531 2894 571 2945 re
585 2865 736 2973 aliquot
748 2865 867 2946 libros
880 2865 1054 2959 edidi,eo
1070 2863 1281 2975 prasertim

128 2994 310 3085 tempore
329 3005 425 3058 cum
440 2979 500 3058 vir
518 2976 613 3086 saepb
633 2995 672 3057 et
686 2978 832 3084 conjux
846 2975 975 3058 hostes
995 2977 1096 3057 inter
1115 2976 1151 3057 se
1172 3006 1280 3058 acer·

128 3088 241 3182 rimi,
267 3087 335 3169 hic
359 3090 470 3170 domi
496 3118 591 3170 curn
616 3089 762 3182 liberis,
790 3090 857 3169 illa
881 3090 1078 3170 incastris
1105 3087 1280 3171 hostium

129 3199 426 3283 materfamilias
440 3200 914 3294 versaretur,virocaedem
931 3220 1049 3311 atque
1064 3203 1281 3312 perniciem

129 3314 331 3397 minitans.
369 3313 661 3394 Institutionem
675 3312 816 3405 deinde
832 3314 1048 3395 liberorum
1064 3341 1143 3395 uno
1162 3314 1280 3425 opus-

128 3426 224 3505 culo
240 3422 397 3506 brevius
416 3426 579 3535 quidem
598 3426 836 3506 tractabam:
867 3425 932 3505 sed
950 3426 1058 3533 quod
1074 3423 1161 3506 satis
1175 3425 1279 3505 arbi·

129 3536 261 3619 trahar
274 3540 321 3619 iis
333 3536 509 3647 fore,qui
519 3539 568 3618 ad
578 3566 667 3618 eam
682 3538 866 3645 rem,qud
876 3566 944 3646 par
956 3537 1047 3617 esset
1059 3537 1279 3644 diligentia,

127 3650 418 3745 incumberent,
445 3679 522 3758 qua
547 3651 711 3759 quidem
737 3679 792 3745 re,
824 3648 922 3729 nihil
955 3649 1003 3729 ad
1034 3648 1278 3741 imbuendas,

126 3762 234 3843 unde
253 3792 344 3843 vera
362 3782 479 3872 atque
495 3764 647 3844 interna
664 3763 789 3842 oritur
804 3762 974 3856 libertas,
989 3763 1132 3841 virtute
1145 3758 1278 3840 homi·

127 3902 230 3956 num
249 3895 415 3970 mentes,
436 3873 537 3955 nihil
556 3876 605 3954 ad
625 3874 913 3984 rempublicam
931 3872 1031 3955 bene
1048 3873 1276 3982 gerendam,

126 4005 169 4069 et
187 4016 311 4097 quam
329 3985 542 4068 diutissime
561 3986 862 4067 conservandam
883 3987 1006 4091 majus
1026 4005 1277 4067 momentum

125 4101 257 4211 potest
275 4099 428 4181 afferre.
489 4098 692 4180 Postremo
710 4100 759 4179 de
779 4097 1040 4209 typographia
1064 4098 1277 4192 liberanda,

125 4238 178 4293 ne
197 4214 279 4293 veri
299 4230 339 4292 et
357 4210 441 4292 falfi
460 4210 682 4306 arbitrium,
705 4212 803 4319 quid
823 4212 1035 4305 edendum,
1065 4210 1162 4319 quid
1187 4239 1278 4321 pre-

124 4324 335 4418 mendum,
348 4322 467 4433 penes
513 4351 629 4404 aucos
649 4325 755 4418 esset,
775 4324 917 4433 eosque
932 4321 1014 4403 feri:
1033 4324 1225 4418 indoctos,
1238 4341 1278 4403 et

124 4438 299 4547 vulgaria
314 4436 458 4543 judicii
485 4352 681 4529 liomines,
710 4436 902 4517 librorum
926 4436 1156 4545 inspectioni
1208 4463 1277 4515 rae-

124 4550 287 4661 positos,
311 4576 381 4659 per
406 4577 504 4659 quos
523 4550 675 4628 nemini
695 4546 775 4629 fere
795 4551 1010 4656 quicquam
1033 4548 1140 4656 quod
1162 4465 1276 4655 sripra

124 4664 270 4772 vulgus
289 4660 425 4772 sapiat,
449 4663 489 4740 in
509 4662 642 4742 lucem
661 4663 856 4756 emittere,
882 4680 949 4742 aut
968 4662 1060 4740 licet
1078 4679 1147 4739 aut
1164 4658 1274 4750 libet,

124 4778 173 4859 ad
186 4774 300 4884 justae
311 4774 496 4855 orationis
508 4779 676 4856 modum
689 4775 1010 4883 Areopagiticam
1027 4771 1170 4882 scripsi.
1203 4772 1277 4849 Ci-
