2888 5204
403 541 642 643 Defenfio.
681 551 800 684 Cap.
833 580 876 675 5.
1137 588 1180 643 1·1
1191 587 1214 670 ς

124 714 192 796 nim
209 716 276 827 effi
292 717 596 812 demonstrabas,
611 747 715 801 nunc
735 717 946 800 hominum
957 719 1158 800 vaniffime
1174 735 1216 799 et

124 828 353 939 nuptiffime
370 827 412 909 ab
431 857 535 937 reges
552 830 635 910 alim
654 830 781 937 es‘et‘tm
789 831 1009 939 seditionum
1028 831 1096 911 illa
1114 832 1214 910 mala

124 968 243 1049 equam
259 940 452 1051 supplicia
474 942 558 1023 illos
574 943 725 1052 iauſsffe
743 945 861 1024 audes
880 944 1037 1023 dicere?
1068 942 1214 1022 scilicet

124 1052 157 1132 ia
174 1071 339 1134 centum
352 1053 541 1158 Jacobaeis
560 1054 721 1134 donavit
740 1074 778 1135 te
797 1054 929 1165 postea
949 1082 1018 1133 rex
1032 1054 1212 1148 Carolus,

124 1163 213 1246 irco
228 1191 339 1272 reges
354 1164 536 1274 expulsos
547 1164 658 1246 luent
670 1168 857 1248 Romani.
916 1167 974 1246 At
987 1164 1090 1246 male
1105 1166 1212 1246 ceffit

124 1275 165 1355 lii
189 1276 349 1357 Caesaris
375 1275 705 1358 interfedloribus.
765 1276 863 1359 Sane
890 1277 917 1356 fi
943 1279 1010 1358 cui
1035 1304 1212 1385 unquam

124 1415 245 1482 anno,
264 1385 359 1469 huic
377 1388 574 1498 parcitum
593 1389 761 1484 vellem3
792 1390 973 1498 quamvis
993 1390 1100 1468 enim
1120 1416 1210 1497 reg-

124 1528 160 1579 m
170 1500 213 1579 in
226 1498 379 1609 republ.
394 1497 603 1580 violentilas
616 1501 835 1597 invadebat,
849 1521 930 1581 erat
943 1520 1076 1581 tamen
1088 1526 1210 1607 regno

124 1610 215 1692 raffe
227 1612 490 1719 digniffimus:
509 1639 582 1692 nec
594 1613 683 1692 ideo
694 1640 921 1721 quenquam
933 1613 1059 1718 magis
1071 1632 1211 1721 putem

124 1719 258 1802 erfeffi
278 1723 436 1803 Caesaris
454 1750 587 1833 poenas
607 1725 844 1833 pependiffe,
857 1722 978 1832 quim
993 1723 1113 1802 deleti
1129 1724 1210 1802 Ca-

124 1861 183 1915 nae
211 1834 357 1940 Cajum
385 1835 609 1915 Antonium
637 1837 840 1917 Ciceronis
870 1836 1089 1944 collegam:
1129 1863 1209 1943 quo

124 1945 194 2026 lea
211 1946 262 2025 de
281 1947 366 2027 aliis
384 1948 617 2028 criminibus
636 1948 835 2044 damnato,
857 1969 902 2028 ut
921 1949 1050 2058 inquit
1066 1949 1209 2028 Cicero

124 2087 133 2134 ι
153 2056 314 2152 Flacco,
326 2057 569 2168 sepulchrum
591 2059 938 2170 Catilinaestoribus
956 2080 1126 2142 ornatum
1146 2060 1207 2168 est

124 2187 253 2250 utores
272 2171 381 2266 enim
395 2170 576 2250 Catilinae
594 2190 689 2251 tunc
712 2172 954 2267 exultabant,
971 2171 1077 2281 justa
1097 2170 1209 2253 Cati·

124 2309 150 2360 a
173 2299 256 2360 tam
270 2281 391 2390 ferdia
415 2283 480 2392 effe
506 2281 744 2378 dinitabant,
772 2285 821 2363 ad
847 2285 1037 2363 invidiam
1062 2283 1209 2363 caeteris

124 2390 323 2488 rflandam,
336 2394 404 2501 qui
422 2394 639 2474 Catilinam
652 2394 893 2475 sustulerant.
943 2393 1209 2475 Haesuntim-

124 2502 278 2585 eborum
303 2525 418 2601 artes,
439 2505 583 2614 quibus
603 2507 706 2587 viros
731 2507 1053 2614 praestantiffimos
1077 2502 1210 2615 isup-

124 2615 183 2695 cio
197 2636 464 2724 tyrannorum,
481 2637 521 2697 et
540 2618 748 2727 puniendis
763 2621 883 2699 etiam
899 2617 993 2728 saepe
1014 2617 1209 2698 facinoro-

124 2725 213 2807 imis
228 2728 461 2809 deterreant.
521 2730 711 2809 Dicerem
724 2759 800 2837 ego
815 2728 963 2824 contri,
976 2729 1080 2838 quod
1095 2728 1209 2809 facile

124 2856 167 2933 tt,
182 2840 337 2947 quoties
356 2840 456 2931 bene
475 2840 597 2934 ceffit,
617 2861 656 2922 et
675 2841 855 2952 prospere
875 2861 1129 2950 tyrannorum
1148 2841 1209 2920 in-

124 2947 346 3046 festoribus,
361 2952 389 3031 fi
406 2952 505 3060 quid
523 2953 622 3032 certi
641 2954 690 3033 de
709 2972 853 3033 eventu
872 2982 1004 3033 rerum
1024 2953 1210 3059 colligere

124 3062 148 3142 'e
160 3063 297 3170 poffet.
330 3063 530 3171 Objestas,
543 3063 649 3172 quod
664 3094 785 3173 regem
796 3064 1076 3147 haereditariam
1087 3062 1214 3169 Angli

124 3202 129 3247 r
147 3173 210 3254 illo
228 3175 629 3285 affecerintstepplicio,
650 3207 718 3304 qno
737 3178 894 3287 tyranni
892 3178 1016 3284 solent
1033 3174 1208 3269 metiari,

135 3313 174 3365 ea
192 3314 261 3395 quo
279 3288 441 3367 latrones
459 3306 496 3368 et
515 3286 735 3397 proditionis
751 3289 820 3369 rei.
880 3286 1064 3371 Primitm
1086 3286 1208 3367 haere-

124 3423 160 3476 as
190 3398 239 3479 ad
271 3398 557 3480 maleficiorum
592 3401 873 3511 impunitatem
903 3401 1000 3509 quid
1033 3397 1209 3480 conferat

124 3505 215 3588 'cioz
244 3507 421 3591 conferre
437 3512 652 3620 quicquam
673 3531 717 3592 ut
731 3512 865 3593 credat
880 3510 1028 3621 sapiens
1042 3510 1127 3590 fieri
1138 3511 1207 3590 vix

124 3619 201 3699 est.
262 3623 385 3757 Qud
398 3641 442 3704 tu
454 3624 596 3703 deinde
611 3623 660 3704 ad
674 3624 937 3705 immanitatem
952 3619 1086 3715 refers,
1103 3622 1144 3700 in
1159 3648 1207 3701 eo

123 3730 197 3813 itas
230 3735 363 3841 potius
393 3736 634 3843 Anglorum,
658 3755 698 3816 et
721 3735 939 3816 moderatio
965 3731 1207 3844 praedicanda

126 3861 158 3937 t,
171 3847 258 3951 qui,
273 3870 368 3924 cum
387 3864 598 3953 tyrannum
617 3845 706 3943 effe,
721 3875 859 3927 omnes
880 3848 920 3926 in
941 3847 1107 3955 patriam
1127 3844 1207 3925 im-

126 3971 240 4048 tates,
267 3957 484 4053 latrocinia,
510 3959 765 4068 proditiones,
791 3958 1077 4067 perduelliones
1103 3956 1206 4037 inse

124 4067 357 4175 npleclatur,
370 4068 457 4150 satis
470 4069 665 4152 habebant
677 4070 917 4181 supplicium
931 4069 1036 4150 haud
1048 4069 1204 4177 gravius

127 4195 291 4286 tyranno
311 4178 476 4275 sumere,
488 4178 609 4290 quim
628 4184 677 4266 de
693 4183 862 4292 srmplici
881 4183 1029 4262 latrone
1048 4182 1203 4290 quovis,

124 4291 338 4399 :proditore
349 4292 504 4399 vulgari
516 4294 667 4374 sumere
684 4295 869 4375 solebant.
929 4297 1066 4404 Speras
1081 4293 1204 4375 exari-

124 4430 164 4481 'os
181 4400 245 4512 effe
263 4402 403 4512 aliquos
414 4403 634 4487 Harmodios
647 4423 685 4486 et
701 4403 958 4515 Thrasybulos,
971 4406 1047 4515 qui,
1067 4407 1204 4513 nestro·

124 4512 277 4609 acaede,
299 4517 456 4624 tyranni
477 4516 644 4598 manibus
660 4536 875 4626 parentent.
933 4520 991 4598 At
1017 4537 1061 4598 tu
1086 4517 1203 4598 citius

124 4650 238 4706 mum
256 4625 529 4737 despondebis,
549 4647 590 4709 et
606 4629 731 4710 vitam
754 4650 793 4711 te
818 4630 997 4736 dignam,
1017 4628 1202 4709 omnibus

124 4737 169 4818 tis
182 4740 439 4837 execrandus,
454 4739 544 4822 ante
564 4739 768 4851 suspendio
782 4740 943 4835 finieris,
959 4736 1079 4848 quim
1095 4740 1203 4819 Har·
