2888 5204
147 215 228 294 354
390 167 618 267 Authoris
642 205 728 301 pro
751 164 795 264 se
821 163 1052 264 Defenfio

143 350 252 459 quod
269 347 417 442 fateris,
432 348 547 428 nimia
532 345 734 456 loquendi
743 344 933 440 libertate,
946 345 1182 456 heronsaepe
1192 364 1284 457 pra-

143 461 282 542 buerit.
340 459 499 540 Deinde
522 459 580 538 est
598 485 781 565 arrogans
798 477 841 537 et
854 455 1015 538 Gallice
1034 460 1227 552 Mirus,
1250 476 1286 538 et

145 571 377 682 Spanhemii
405 572 558 677 judicio
576 589 616 648 et
636 588 719 649 tuo
780 570 1047 650 Hactenus
1005 598 1130 678 mgro
1146 569 1286 681 lapill03

144 713 252 765 nunc
270 685 402 763 vario·
433 681 594 762 Felix
576 681 837 787 ingenium,r
797 681 868 788 nist
882 681 1086 764 crabrones
1103 683 1285 793 r'rrr'taffet

146 796 387 877 AEmulos
347 795 540 874 mmirum
560 792 661 887 suos,
676 821 756 872 uon
772 796 852 903 ipse
871 793 1023 902 aquila,
1040 794 1111 874 scd
1130 815 1178 875 ut
1193 793 1288 874 mus·

145 936 210 988 cas
235 908 335 988 olim
359 906 557 987 scarabeus
584 905 653 985 ille
676 903 800 1014 vespae
822 905 941 985 filius.
1000 907 1171 987 Nullum
1198 907 1289 987 novit

147 1019 346 1126 Salmafiur
362 1017 569 1099 nobiliorem
578 1015 744 1124 genium,
748 1016 794 1123 st
805 1015 943 1096 laboris
959 1016 1287 1127 toleramtr'orfrcnl

132 1130 226 1237 stt.-
257 1131 458 1239 Ignarus
446 1131 569 1237 igitur
587 1130 754 1222 Morus;
775 1147 816 1208 et
844 1148 977 1210 tamen
995 1128 1163 1240 semper
1183 1129 1290 1239 genio

146 1243 234 1324 satis
260 1242 433 1323 indulfit
491 1238 695 1349 Additque
717 1239 799 1348 ipse
817 1240 1025 1321 Salmafius
1047 1243 1165 1323 narr>
1181 1239 1289 1350 lefiffe

146 1385 295 1436 uxorem
312 1354 454 1461 suam.-
484 1352 605 1432 Unde
630 1372 836 1461 protervus
869 1354 910 1432 in
940 1371 1146 1435 matronas
1179 1356 1289 1433 etiam

147 1468 314 1560 Morum
338 1483 488 1575 prater
504 1463 857 1570 inconsiderationem
878 1491 1041 1573 quoque
1063 1464 1148 1546 tali
1162 1464 1291 1545 homme

146 1578 361 1683 indignam:
338 1484 712 1683 irSalmafioitaque
720 1575 871 1682 judice,
883 1575 981 1684 quid
994 1575 1055 1655 est
1068 1575 1290 1659 Morusnifi

147 1689 312 1769 morus?
339 1686 425 1767 Hic
445 1706 580 1768 autem
599 1687 724 1767 fateor
742 1686 829 1768 satis
852 1686 972 1768 causae
994 1684 1128 1783 fuiffe,
1151 1716 1224 1769 cur
1241 1717 1289 1768 e-

142 1828 257 1906 gram
269 1821 308 1880 te
319 1796 599 1892 subscnberes
619 1797 827 1898 manifesto
841 1800 952 1879 enim
965 1749 1186 1881 febricitas.
1214 1799 1290 1927 Qi

24 1983 32 1995 .
148 1912 200 1993 src
216 1912 289 1992 tibi
302 1891 734 1991 dixilleSalmafium
700 1938 755 1990 ars
756 1909 1115 2020 ,stqnidinPontid
1122 1911 1291 2021 peccauit
1330 1958 1332 2001 ÷

147 2025 306 2117 Morus,
326 2052 389 2130 ego
403 2022 494 2129 sum
517 2024 596 2102 leno
623 2040 662 2102 et
689 2051 785 2102 uxor
805 2052 887 2103 mea
908 2023 1005 2103 lena.
1065 2024 1102 2103 F
1102 2022 1226 2105 estrvi
1252 2041 1289 2102 tu

145 2136 335 2243 quidem
322 2162 363 2214 m
375 2133 453 2215 hoc
464 2134 640 2214 dramate
651 2132 1127 2242 personarumuumerum
1141 2135 1288 2228 auxisti.

146 2268 188 2328 et
207 2249 372 2328 uberem
392 2245 545 2326 ridendi
564 2245 711 2339 ansam,
737 2245 831 2326 ficui
855 2246 986 2326 otium
1003 2245 1115 2340 effer,
1135 2273 1290 2356 porrex-
1330 2318 1332 2323 .

147 2359 224 2439 isti.
285 2355 438 2439 Verum
458 2357 584 2466 fiquid
603 2354 828 2463 hujufinodi
847 2357 1054 2438 Salmafius
1072 2361 1207 2440 amico
1225 2357 1289 2439 tibi
1330 2398 1332 2409 ·

146 2490 187 2551 ct
205 2472 407 2579 privatim,
429 2469 554 2577 fiquid
570 2469 861 2550 incommodius
880 2469 929 2549 de
949 2468 986 2549 se
1005 2469 1070 2548 vel
1095 2471 1149 2551 de
1175 2496 1289 2551 uxore
1330 2476 1332 2533 f

147 2581 392 2663 familiariter
420 2581 573 2661 locutus
595 2579 666 2673 est,
696 2579 737 2659 id
765 2599 824 2674 tu,
853 2581 924 2662 nifi
952 2579 1069 2690 plane
1098 2581 1288 2674 delirares,

146 2694 362 2775 amicitiam
383 2693 519 2772 saltem
542 2694 729 2772 reveritus
749 2710 788 2771 et
810 2720 996 2773 arcanum
1016 2692 1287 2786 domesticum,

147 2833 226 2887 non
244 2826 325 2887 tam
342 2803 480 2885 stolide
499 2801 633 2884 hocin
652 2803 741 2883 loco
763 2803 959 2885 effutilses.
1017 2806 1096 2886 Sed
1121 2806 1225 2886 redis
1245 2804 1287 2884 ad

146 2918 294 3012 laudes,
323 2934 474 2997 acutum
490 2915 676 3022 judiciam
696 2916 806 2995 Mori
815 2947 829 3008 ,·
858 2915 1027 3024 adjunge
1050 2916 1287 3023 inconsidera-

145 3031 275 3110 tionem
304 3029 413 3109 illam
437 3028 512 3107 tali
533 3028 671 3107 homine
696 3026 898 3135 indignam,
930 3056 989 3108 res
1013 3029 1109 3110 duas
1132 3031 1235 3109 inter
1255 3027 1285 3106 se
1329 3066 1332 3119 ι

144 3141 487 3247 conjunctissimas.
548 3139 795 3219 Felicitatem
813 3140 852 3219 in
871 3140 1110 3222 concionando
1121 3171 1152 3233 ,·,
1168 3161 1209 3220 et
1230 3142 1284 3219 in·

145 3251 391 3333 foelicitatem
411 3253 452 3329 in
468 3250 693 3330 scortando:
725 3278 796 3359 par
819 3253 987 3331 alterum
1005 3252 1047 3330 in
1068 3254 1184 3332 Mori
1210 3253 1285 3332 lau·
1330 3290 1332 3297 ·

145 3364 258 3444 dibus
276 3362 613 3489 appofitiffimum.
671 3363 841 3443 Accedit
860 3363 1056 3444 corollarii
1074 3364 1166 3444 loco
1177 3363 1284 3444 triam

145 3474 358 3584 lr'rzgnarum
382 3474 552 3584 peritia:
588 3501 675 3582 quae
710 3474 964 3583 profefforem
994 3472 1103 3556 hunc
1137 3476 1285 3556 tandem

144 3587 390 3667 consummat
408 3585 519 3666 nobis
535 3586 788 3691 trilinguem
810 3587 934 3681 idest,
951 3614 1044 3666 cum
1064 3585 1282 3696 supradietis

145 3697 353 3777 virtutibus
369 3697 489 3806 pauli)
501 3698 589 3807 plus
605 3726 725 3805 quam
746 3699 1012 3779 triobolarem.
1074 3699 1187 3779 Cum
1202 3717 1284 3780 voto

53 3804 56 3809 ’
143 3808 312 3916 demque
326 3809 446 3888 finem
458 3808 552 3890 facrs
565 3811 802 3919 rneptrendr
825 3829 869 3890 ut
881 3813 989 3891 Dens
998 3810 1146 3890 Chre
1127 3836 1284 3892 ranorum

145 3920 282 4026 (modo
302 3921 409 3999 enim
431 3920 623 4030 reliquille
644 3923 745 4001 Deos
771 3921 875 4002 bonos
898 3941 985 4003 tuos
1007 3922 1172 4030 videris)
1196 3924 1285 4002 hanc

142 4051 293 4112 mentem
313 4031 466 4142 inspiret
487 4033 747 4140 Potestatibus,
776 4051 820 4114 ut
845 4036 942 4114 hanc
950 4032 1287 4142 scripturiendrli-

142 4145 297 4224 centiam
319 4145 540 4252 Christianis
560 4144 729 4252 infirmem
754 4144 994 4275 compescant.
1050 4146 1175 4225 Vos
1162 4168 1289 4255 itaque

140 4258 288 4365 priores
304 4254 601 4364 compescant,
587 4256 771 4364 aquibus
792 4255 873 4337 haec
885 4260 1015 4338 omnis
1035 4257 1199 4339 licentia
1211 4259 1289 4369 pri·

141 4367 210 4447 ml>
228 4387 364 4448 exorta
383 4369 463 4447 est:
496 4365 610 4448 mihi
618 4396 698 4448 mer
688 4368 988 4450 defendendi
972 4397 1037 4475 Jus
1056 4397 1103 4450 ac
1122 4370 1292 4480 potesta·
