2888 5204
523 559 796 697 Responsio,
822 589 913 661 etc.
1223 607 1296 685 193

139 742 304 823 tandem
329 742 526 853 poscebat,
551 744 866 825 assentationibus
890 765 929 823 et
946 744 1192 853 impudentia
1212 762 1297 822 tur-

137 855 248 965 piter
269 875 487 965 aucupatus
513 857 582 935 est.
643 857 716 935 llle
739 855 945 936 hominem
973 857 1009 935 se
1037 859 1194 935 nodum
1221 856 1295 936 elle

135 984 246 1047 ratus
270 966 319 1045 ad
347 969 482 1047 omnia
507 966 680 1048 facinora
705 989 900 1078 paratum,
924 971 1072 1077 quique
1099 967 1295 1077 populum

135 1077 367 1158 adulatoriis
379 1099 419 1159 et
434 1081 571 1160 aulicis
583 1080 838 1160 concionibus
854 1080 929 1160 suis
945 1081 992 1159 ad
1008 1079 1295 1188 suscipiendum

134 1186 333 1270 servitutis
340 1190 488 1299 jugum
500 1193 736 1300 paratiorem
746 1191 936 1284 redderet,
947 1193 1189 1301 Episcopum
1202 1220 1296 1270 eum

136 1300 396 1382 Derriensem
415 1305 457 1382 in
470 1303 666 1384 Hibernia
685 1306 844 1384 creavit.
904 1306 997 1409 Jam
1012 1302 1105 1384 verb
1125 1303 1211 1412 post
1223 1332 1295 1382 ex-

135 1412 273 1523 pulsos
293 1416 426 1522 Reges
455 1435 495 1495 et
515 1415 709 1510 praelatos,
730 1416 778 1494 ad
802 1416 991 1525 priorem,
1012 1417 1099 1494 vitae
1118 1416 1295 1524 inopiam

134 1525 333 1620 redactus,
366 1526 493 1607 rursus
520 1527 704 1622 esuriens,
735 1529 892 1608 Curium
923 1556 1027 1607 nunc
1043 1527 1203 1632 stmulat
1232 1526 1300 1636 qui

135 1636 401 1719 Bacchanalia
415 1639 536 1719 modb
553 1641 668 1734 vixit,
683 1658 804 1748 utque
819 1641 974 1749 pietatis
992 1639 1155 1720 obtentu
1175 1666 1295 1717 cunc-

136 1764 223 1829 tam
234 1748 386 1830 rabiem
405 1753 526 1831 ineos
545 1751 779 1844 effunderet,
801 1754 870 1860 qui
887 1772 926 1831 et
942 1751 1069 1862 ipsum
1084 1770 1123 1830 et
1138 1770 1293 1830 caeteros

134 1859 358 1941 istiusmodi
378 1863 545 1942 latrones
570 1862 739 1942 ovilibus
754 1864 934 1942 Ecclesrae
957 1865 1102 1972 opimis
1126 1862 1292 1970 expule-

135 1992 246 2066 runt,
266 1972 332 2083 spe
347 1975 467 2053 etiarn
484 1975 671 2054 nonnulla
686 1975 921 2083 ampliorem
937 1974 1111 2083 aliquem
1128 1972 1293 2083 Episco-

135 2103 295 2195 patum‚
324 2086 621 2166 mendaciorum
645 2085 805 2166 suorum
831 2105 870 2165 et
892 2085 1060 2166 audaciae
1086 2089 1292 2195 praemium

135 2194 206 2276 sub
227 2196 382 2277 minore
395 2198 540 2277 Carolo
560 2198 786 2292 devorandi,
808 2198 953 2307 pellem
971 2199 1129 2277 ovinam
1151 2198 1292 2292 induit,

137 2309 196 2387 nil
216 2329 355 2417 praeter
374 2311 563 2418 pietatem
581 2330 622 2391 et
637 2309 933 2389 sanctimoniam
953 2337 1029 2418 prae
1048 2309 1084 2388 se
1108 2308 1207 2403 fert;
1239 2310 1293 2387 ita

136 2439 285 2514 tamen,
314 2441 360 2501 ut
379 2421 550 2530 oblonga
570 2424 676 2531 Lupi
696 2421 819 2501 cauda
839 2420 938 2500 infra
958 2421 1130 2500 institam
1156 2423 1290 2499 Sacer-

135 2531 313 2612 dotalem
334 2532 449 2613 facile
470 2553 666 2644 appareat.

187 2646 254 2724 En
268 2646 401 2724 virum
420 2649 628 2755 egregium
641 2675 717 2755 prae
729 2647 875 2726 caeteris
889 2645 958 2753 qui
979 2643 1203 2753 apologiam
1220 2669 1291 2750 pro

135 2781 232 2864 rege
246 2776 288 2836 et
300 2757 454 2864 Populo
467 2759 689 2867 Anglicano
703 2757 945 2837 scribendam
958 2756 1027 2834 fibi
1039 2754 1169 2834 sumit.
1201 2755 1291 2861 Age

135 2865 247 2962 verb,
262 2895 337 2977 pro
354 2898 442 2976 rege
461 2889 505 2949 ut
524 2870 630 2950 libet.
692 2870 766 2948 Sed
786 2869 882 2977 quid
903 2888 945 2948 tu
966 2896 1037 2976 pro
1050 2866 1183 2975 populo
1202 2869 1291 2945 An-

132 2978 300 3085 glicano,
330 2983 400 3089 qui
427 2982 654 3061 Dominum
679 3001 792 3060 tuum
818 2979 1107 3072 Straffordium,
1138 2977 1292 3059 hostem

138 3090 287 3201 Populi
305 3094 543 3172 acerrimum
561 3093 711 3172 meritis
727 3094 852 3201 poenis
871 3091 1016 3184 affecit,
1039 3109 1155 3199 teque
1175 3091 1291 3198 peffi-

135 3228 255 3281 mum
278 3202 360 3309 ejus
384 3205 425 3283 in
447 3205 619 3286 Ecclesia
640 3204 891 3284 Hiberniensr
920 3203 967 3283 ad
991 3204 1123 3282 omnia
1151 3201 1291 3281 scelera

135 3313 366 3396 ministrum
386 3317 470 3425 pari
495 3317 686 3426 supplicio
710 3315 908 3408 affeciffet,
934 3315 1004 3393 nifi
1023 3333 1090 3393 aut
1110 3313 1204 3421 fuga
1224 3333 1292 3394 aut

134 3425 352 3508 obscuritas
369 3447 435 3508 tua
450 3456 589 3508 eorum
604 3427 799 3522 manibus,
815 3429 885 3537 qui
901 3427 1126 3507 Dominum
1144 3427 1291 3534 plecte-

135 3537 249 3632 bant,
270 3558 309 3618 te
327 3538 456 3620 furem
469 3540 680 3649 eripuiffet.
742 3541 826 3619 Cur
841 3541 960 3619 etiarn
980 3537 1204 3646 apologiam
1218 3554 1291 3645 pro

136 3649 318 3758 Populo?
352 3654 418 3731 An
438 3680 510 3761 pro
535 3654 582 3733 iis
609 3656 679 3762 qui
706 3654 862 3759 Regem
888 3649 1153 3759 puniverunt?
1184 3645 1290 3727 haud

136 3763 278 3856 cred03
299 3762 420 3858 dices,
441 3792 512 3873 pro
532 3766 579 3845 iis
599 3767 670 3873 qui
691 3766 775 3870 regi
795 3761 976 3842 favebant
996 3761 1204 3870 periodus?
1234 3761 1291 3838 At

135 3872 197 3952 illi
218 3874 260 3954 id
280 3901 358 3954 non
378 3877 595 3985 requirunt,
611 3878 753 3984 utqui,
768 3873 869 3953 faut
885 3901 995 3982 pace,
1012 3869 1168 3951 modice
1184 3871 1289 3950 mul·

137 3986 226 4078 tati,
247 3985 313 4065 sua
325 3987 411 4091 jam
430 3987 532 4067 bona
551 3986 680 4067 secure
704 3986 931 4096 poffideant,
955 3983 1143 4091 suamque
1169 3984 1290 4064 fidem

139 4097 388 4206 Reipublicae
401 4099 534 4178 nostrae
545 4099 836 4179 obstrinxerint.
882 4096 1001 4175 Unde
1016 4115 1081 4176 tua
1096 4095 1290 4205 istaApo-
1389 4159 1393 4167 .

136 4208 246 4318 logia
259 4230 327 4291 aut
341 4210 501 4291 absurda
515 4210 629 4320 plane
645 4212 716 4304 est,
729 4229 799 4290 aut
813 4205 985 4287 nimibm
1001 4208 1287 4314 intempestiva.

136 4319 295 4402 Verbm
319 4341 362 4403 tu
382 4324 413 4403 is
445 4322 567 4403 homo
592 4351 647 4413 es,
672 4323 742 4430 qui
766 4321 928 4400 titulum
955 4319 1072 4398 istum
1100 4318 1191 4397 libri
1217 4320 1288 4410 tui,

135 4451 279 4543 utpote
298 4433 530 4544 speciosum,
555 4435 618 4514 vel
637 4461 730 4513 cum
754 4433 928 4511 maxima
955 4434 1091 4540 quavis
1115 4429 1289 4508 absurdi-

134 4562 219 4625 tate
232 4547 403 4654 arripere
416 4547 586 4626 voluisti.
647 4546 796 4624 Contra
811 4544 999 4652 Johannis
1014 4543 1160 4622 scilicet
1175 4542 1288 4648 Poly-

125 4655 371 4765 pragmatici
394 4656 673 4738 defenfionem.
733 4658 796 4736 Sic
826 4657 907 4762 ejus
936 4657 1126 4734 nimirum
1154 4673 1290 4732 contra

136 4767 356 4850 Claudium
368 4763 1289 4878 Anonymum,satisconcinnequidemdictum,

193 4906 222 4981 4
707 4909 731 4959 0
