2888 5204
135 176 213 281 238
612 161 809 254 Lestori.

134 336 295 444 lemque
327 336 428 444 typis
459 335 640 442 imprimi
674 333 790 413 solius
823 332 1009 413 Veritatis
1035 334 1173 426 caus&
1200 331 1265 412 odii

133 451 258 543 enim,
286 466 354 527 aut
375 447 472 555 spei,
496 465 564 526 aut
583 465 713 527 metus
732 444 862 525 causas
884 473 951 525 me
978 446 1125 555 procul
1143 443 1269 526 habere

134 558 223 639 satis
243 579 384 639 notum
413 558 482 638 est.
542 555 696 638 Veritm
725 557 883 665 quando
911 558 1113 652 recordor,
1132 557 1272 666 quoties

133 673 237 780 apud
258 670 295 751 se
312 671 533 763 Salmasius,
553 669 655 750 mihi
675 670 894 778 praedicarit
908 671 1022 751 Mori
1041 669 1273 776 acummjn-
1308 770 1310 779 Ι

134 785 302 877 dicium,
318 785 440 862 trium
453 783 678 889 linguarum
691 782 889 891 peritiam,
906 801 946 862 et
959 783 1000 860 in
1016 781 1274 863 concionanrh
1308 788 1310 837 ³

134 893 381 988 felicitatem,
394 896 549 1004 quantis
565 922 660 974 eum
674 895 814 1003 elogiis
828 914 868 974 et
880 893 1063 975 laudibus
1075 893 1277 1004 proseque-

134 1026 256 1103 retur,
292 1008 361 1116 qui
396 1008 634 1114 caeteroquin
665 1033 740 1086 nec
772 1003 949 1086 multiim
978 1007 1184 1102 laudabat,
1212 1032 1278 1087 noc
1307 1006 1310 1037 ¹

133 1121 295 1213 multos,
323 1120 400 1199 fine
422 1119 693 1227 indignatione
712 1118 843 1225 legere
864 1146 943 1198 non
965 1118 1123 1228 possum
1147 1120 1190 1199 in
1208 1116 1277 1199 hoc

133 1232 235 1312 libro
254 1260 313 1314 res
334 1234 384 1312 sic
409 1230 590 1324 inversas,
618 1250 663 1310 ut
687 1249 816 1310 narrat
833 1228 1065 1324 Miltonius,
1090 1232 1164 1340 qui
1191 1228 1276 1310 clun

133 1345 447 1425 innocentiffimo
480 1340 755 1451 Typographo
785 1370 945 1450 parcere
980 1370 1062 1422 non
1097 1343 1276 1454 potuerit,

134 1456 388 1536 manifestum
408 1455 463 1535 est
483 1483 578 1536 eum
597 1454 806 1562 quaefivilse
825 1455 1033 1534 materiam
1062 1456 1217 1535 rixandi
1240 1470 1274 1534 et

131 1568 391 1650 declamandi.
439 1568 548 1648 Deus
566 1566 883 1646 Christianorum
901 1565 1004 1647 hanc
1021 1586 1202 1647 mentem
1218 1566 1274 1646 in·

133 1678 251 1787 spiret
271 1679 547 1772 Potestatibus,
578 1700 622 1760 ut
651 1676 752 1757 hanc
781 1678 1054 1788 scripturiendi
1084 1679 1271 1759 licentiam

129 1789 367 1871 ‘Christianis
397 1790 588 1871 infamem
624 1790 887 1899 compescant.
946 1792 1089 1901 Scripsi
1127 1786 1270 1902 propri

133 1931 255 1984 manu
275 1925 315 1985 et
335 1904 552 2012 subfignavi
572 1904 666 1983 licet
683 1930 785 2010 aeger
803 1930 968 2013 corpore

594 2113 836 2204 Gsoncws
862 2112 1142 2205 Cann‘rzms

886 2316 928 2395 S.
952 2317 995 2395 S.
1018 2311 1144 2397 Theol.
1164 2314 1216 2394 D.

288 2647 729 2812 Typographus
760 2689 866 2809 pro
897 2641 1122 2809 se-ipso.

190 2921 217 2938 ·'
230 2924 315 3069 ’,ὲ
332 2902 498 2983 [ennium
515 2903 577 3011 est,
593 2902 771 2982 Benevole
788 2901 940 2995 Leblor,
960 2901 1058 3010 quod
1067 2898 1179 3012 Upis
1194 2897 1265 2982 meit

156 3055 178 3137 τι
250 3053 314 3133 24„
360 3015 524 3123 imprimi
544 3014 685 3094 curavi
711 3011 860 3105 librum,
885 3013 950 3093 cui
967 3009 1135 3109 Titulus,
1160 3010 1269 3122 Regii
1307 2984 1310 3033 l

173 3228 175 3233 ,
203 3200 242 3235 Η
280 3118 314 3207 'l
358 3127 554 3234 sanguinis
576 3126 725 3205 clamor
748 3125 797 3204 ad
816 3124 963 3205 coelum
986 3127 1165 3208 adversus
1185 3128 1272 3207 Par·

142 3257 150 3274 ²
208 3264 224 3278 ‘'
305 3258 314 3281 '
358 3239 498 3318 ricidas
511 3238 765 3345 Anglicanos.
809 3239 940 3317 Autor
958 3238 1059 3346 ssim
1073 3233 1273 3320 Trallotus

129 3350 223 3429 milri
237 3349 361 3430 adhue
380 3350 586 3457 incognitus
604 3350 666 3458 est,
687 3366 811 3458 utpote
830 3349 898 3458 qui
912 3379 1035 3431 nomen
1049 3350 1168 3456 sumn
1181 3351 1276 3460 sup·

123 3463 286 3568 primore
300 3463 433 3556 voluit,
440 3462 564 3568 ficuti
580 3461 652 3569 pse
663 3461 701 3540 in
714 3461 1021 3570 praefationesua
1035 3461 1091 3542 ibi
1104 3464 1274 3572 testatur.

130 3572 295 3677 Miserat
327 3594 451 3654 autem
482 3574 686 3681 Exemplar
712 3572 1002 3682 manuscriptum
1031 3575 1092 3655 D.
1125 3573 1280 3657 Claudio

131 3684 319 3789 Salmaſso,
337 3686 438 3795 eique
456 3685 535 3791 ejus
553 3684 739 3765 editionem
759 3685 1090 3781 commendaverat,
1110 3717 1196 3769 cum
1213 3717 1279 3799 qua

123 3797 263 3904 procul
276 3795 396 3889 dubio,
417 3815 530 3877 antea
548 3798 715 3877 amicitia
739 3797 807 3905 ipſs
827 3797 994 3906 quaedam
1013 3798 1281 3911 intercefferot,

129 3908 195 3988 cui
210 3906 387 3988 commoda
405 3909 594 4014 occasione,
609 3908 731 4013 juxta
749 3938 796 3989 ac
816 3911 948 4016 Regia
970 3909 1106 4018 causae,
1121 3913 1281 4022 gratffi-

128 4020 215 4100 cari
229 4019 362 4099 voluit.
407 4024 487 4127 Ego
507 4040 662 4127 rogatus
680 4051 767 4101 num
785 4050 864 4102 eum
877 4022 997 4131 praelo
1012 4053 1087 4103 meo
1091 4022 1281 4132 subjicere

128 4134 272 4225 vellem,
287 4150 360 4241 per
378 4133 519 4242 aliquot
536 4133 666 4240 meuses
685 4134 725 4212 id
738 4133 874 4242 dssuli,
888 4134 997 4215 donec
1009 4135 1189 4232 vrilerem,
1202 4139 1283 4248 quir

127 4246 249 4326 exitus
253 4247 364 4351 foret
381 4240 588 4325 Traelatus
601 4245 730 4338 Pacis,
747 4244 789 4324 de
808 4247 995 4355 quainter
1006 4247 1178 4359 utrosque
1189 4253 1282 4332 Sto·

127 4377 189 4437 tus
214 4357 369 4466 Angliae
401 4375 438 4438 et
463 4358 755 4438 Provinciarum
783 4359 1134 4469 Consederotarum
1157 4363 1286 4474 Belgii
