2888 5204
432 605 434 609 ‘
482 574 706 687 Defensio
730 570 958 677 Secunda.
991 576 1021 594 ”
1215 610 1293 703 273

143 751 233 833 sane
250 752 376 864 specie
392 775 432 836 et
446 754 645 838 bicolore:
667 753 938 866 Sphingemne
953 755 1083 835 dicam
1099 783 1146 835 an
1155 755 1294 836 Hora·

143 867 299 946 tianum
323 867 421 947 illud
447 869 668 949 monstrum
693 871 914 962 Poeticum,
938 869 1066 977 capite
1092 868 1291 963 muliebri,

139 979 297 1058 cervice
316 979 474 1075 asinina,
494 982 610 1061 variis
630 983 814 1060 indutum
833 982 994 1090 plumis,
1015 980 1188 1088 undique
1208 982 1293 1061 col-

140 1088 232 1170 latis
248 1091 461 1172 membris:
492 1092 533 1171 id
547 1091 724 1202 profecto
740 1092 971 1202 ipfiffimum
990 1091 1059 1173 est.
1110 1091 1293 1202 Rhapso·

139 1200 216 1281 dus
236 1203 432 1298 videlicet,
452 1205 663 1314 quispiam,
679 1204 909 1285 centonibus
924 1223 965 1284 et
978 1205 1118 1313 pannis
1132 1205 1292 1301 obsttus,

141 1314 292 1394 unusne
312 1342 360 1395 an
380 1317 461 1396 duo
480 1318 688 1410 incertum,
709 1344 801 1395 nam
821 1335 862 1396 et
880 1317 1113 1422 Anonymus
1131 1344 1292 1425 quoque

138 1424 211 1505 est.
275 1427 413 1508 Postas
429 1429 614 1538 equidem
631 1427 720 1508 vere
737 1428 861 1508 didos
880 1447 920 1508 et
939 1428 1064 1535 diligo
1084 1447 1124 1508 et
1143 1429 1231 1508 colo
1251 1447 1292 1509 et

137 1537 338 1618 audiendo
357 1538 555 1649 saepiffimd
570 1540 755 1633 delestor,
775 1539 936 1619 illorum
952 1541 1071 1619 etiam
1087 1540 1291 1649 plerosque

138 1653 314 1757 tyrannis
326 1651 400 1731 effe
413 1652 491 1732 scio
506 1651 804 1744 inimiciffimos,
821 1653 848 1731 fi
864 1651 925 1731 vel
942 1648 963 1730 i
978 1652 1117 1760 primis
1132 1652 1290 1732 exorsus

136 1761 190 1841 ad
203 1760 491 1842 Buchananum
507 1764 627 1872 usque
640 1762 816 1844 nostrum
831 1762 1093 1845 recenserem:
1115 1763 1205 1844 istos
1220 1791 1290 1842 ve-

135 1898 185 1953 ro
207 1874 488 1955 verstculorum
520 1875 776 1984 nugivendos,
802 1877 889 1984 quis
920 1903 998 1955 non
1024 1875 1178 1956 oderit?
1207 1903 1289 1984 quo

136 2010 287 2093 genere
306 1983 519 2067 hominum
540 1986 641 2066 nihil
662 1987 832 2080 stultius,
856 2006 925 2067 aut
943 1990 1093 2083 vanius,
1113 2006 1181 2069 aut
1199 2015 1288 2067 cor·

135 2124 187 2177 ru
218 2100 319 2199 tius,
335 2117 403 2179 aut
425 2100 666 2180 mendacius.
727 2099 922 2194 Laudant,
950 2101 1187 2211 vituperant,
1211 2100 1288 2179 fine

135 2125 313 2303 delicto,
345 2210 422 2290 fine
454 2211 692 2306 discrimine,
723 2210 887 2317 judicio,
920 2230 988 2291 aut
1017 2213 1152 2305 modo,
1185 2239 1290 2321 nunc

135 2320 360 2432 Principes,
373 2350 477 2403 nunc
491 2321 680 2433 plebeios,
693 2322 827 2403 dodtos
832 2322 948 2428 juxta
962 2340 1079 2433 atque
1096 2323 1287 2418 indostos,

134 2432 285 2543 probos
305 2463 354 2513 an
374 2434 590 2545 improbos,
610 2435 771 2544 perinde
792 2432 951 2528 habent,
972 2451 1091 2544 prout
1110 2433 1288 2515 Cantha-

135 2570 221 2640 rus,
241 2562 310 2626 aut
329 2546 411 2657 spes
430 2546 645 2640 nummuli,
665 2565 732 2626 aut
752 2545 881 2626 fatuus
900 2546 968 2626 ille
988 2544 1097 2626 furor
1116 2545 1288 2625 inflatae

135 2659 259 2767 rapit,
285 2658 479 2767 congestis
504 2659 743 2768 undique³et
768 2658 979 2738 verborum
1006 2677 1046 2738 et
1071 2685 1203 2738 rerum
1229 2675 1289 2738 tot

129 2767 395 2850 discoloribus
422 2772 595 2881 ineptiis,
636 2768 794 2879 tamque
817 2770 980 2881 putidis,
1018 2790 1062 2851 ut
1084 2770 1307 2850 laudatum·

135 2878 258 2988 longe
269 2882 420 2990 praestet
439 2883 554 2977 fileri,
567 2900 607 2962 et
622 2910 756 2992 pravo,
773 2882 880 2991 quod
894 2885 1019 2975 aiunt,
1035 2885 1165 2962 vivere
1182 2882 1287 2975 naso,

134 2989 261 3101 quam
279 2993 330 3073 fic
345 2994 517 3075 laudari:
547 2994 788 3104 vituperatus
802 2993 894 3074 verb
914 2995 983 3104 qui
1003 2993 1063 3088 srt,
1081 2993 1185 3075 haud
1201 3022 1288 3074 me·

134 3105 264 3185 diocri
293 3103 381 3186 sane
399 3103 541 3187 honori
561 3105 630 3184 fibi
654 3105 786 3198 ducat,
815 3104 959 3186 setam
985 3106 1172 3200 absurdis,
1204 3123 1287 3187 tam

135 3214 287 3297 stolidis
300 3217 560 3297 nebulonibus
573 3216 790 3327 displicere,
799 3219 955 3297 Primus
966 3221 1037 3326 qui
1049 3217 1289 3313 est,s1modb

134 3326 223 3409 bini
243 3327 345 3422 sunt,
369 3329 508 3410 dubito
529 3331 650 3409 Poe'ta
671 3328 717 3408 srt
740 3355 789 3408 an
811 3330 1105 3424 Caementarius,
1129 3332 1182 3410 ita
1204 3329 1287 3409 Sal-

134 3439 260 3520 masio
278 3468 322 3522 os
342 3441 499 3536 oblinit,
517 3441 643 3521 immo
660 3458 789 3520 totum
808 3441 915 3550 quas1
928 3443 1118 3551 parietem
1133 3441 1287 3521 dealbat

134 3568 258 3661 atque
278 3552 477 3633 incrustat.
510 3554 642 3632 Curru
659 3580 803 3662 nempe
815 3553 1104 3663 triumphantem
1120 3552 1286 3647 inducit,

134 3662 319 3743 Hero'e‘m
339 3663 721 3772 Gigantomachum,
742 3664 888 3772 hastilia
900 3664 1093 3772 etcaestus,
1105 3684 1145 3745 et
1159 3665 1288 3745 nescio

132 3802 226 3885 quae
244 3794 484 3885 nugamenta
508 3804 710 3857 armorum
737 3776 972 3871 vibrantem,
996 3776 1130 3856 doctos
1149 3804 1287 3857 omnes

131 3885 303 3996 pedibus
321 3888 554 3996 quadrigam
572 3887 788 3998 sequentes,
808 3888 871 3968 sed
890 3888 977 3998 post
997 3905 1105 3995 terga
1122 3888 1205 3995 ejus
1225 3889 1286 3968 in·

132 3999 312 4079 numeris
332 3998 462 4108 spatiis
481 4000 649 4094 relistos,
670 4018 808 4109 utpote
819 4029 922 4110 quem
938 4029 1068 4080 numen
1083 4000 1192 4082 rebus
1206 4019 1287 4082 tre-

126 4108 401 4221 prdrssalutem
419 4111 517 4192 orbis
531 4110 763 4203 admoverim
793 4111 939 4192 tandem
954 4140 1040 4220 ergo
1058 4113 1135 4193 tali
1148 4130 1289 4223 tempus

131 4221 322 4329 erat-tegi
336 4220 483 4304 umbone
499 4252 618 4331 reges,
632 4239 792 4333 parente
810 4224 1001 4303 nimirum
1016 4224 1135 4332 Juris
1152 4242 1190 4305 et
1209 4229 1287 4305 Im-

124 4331 243 4443 perii.
276 4335 437 4415 Delirus
456 4334 604 4416 necesse
619 4334 675 4414 est
691 4333 811 4415 suerit
826 4354 865 4414 et
879 4335 939 4414 bis
955 4363 1053 4445 puer
1065 4337 1286 4430 Salmastus,

160 4446 203 4526 ui
220 4442 285 4525 bis
304 4444 484 4527 laudibus
507 4474 587 4527 non
612 4445 737 4526 solum
763 4464 964 4556 tantopere
987 4446 1056 4527 fibi
1080 4449 1286 4557 placuerit,

129 4472 198 4637 sed
215 4558 463 4638 excudendas
479 4561 600 4638 etiarn
612 4586 732 4666 quam
749 4559 926 4667 primum
941 4559 990 4638 de
1003 4558 1039 4638 se
1057 4578 1137 4639 tam
1154 4559 1288 4641 sedulb

125 4671 350 4751 curaverit:
376 4667 558 4752 Misellos
575 4672 696 4750 etiam
711 4671 832 4749 Poeta
848 4688 965 4778 atque
985 4670 1205 4766 indecorus,
1217 4675 1288 4781 qui

126 4778 475 4881 Grammaticum,
499 4782 606 4892 quod
630 4808 753 4890 genus
773 4779 985 4863 hominurn
1007 4784 1133 4893 poetis
1152 4782 1289 4864 minis-

190 4919 221 4997 4
440 4950 443 4955 -
733 4918 763 4971 T
