2888 5204
148 206 223 293 108
432 204 523 293 Pro
549 197 734 330 Populo
760 177 1031 328 Anglicano

198 377 287 454 Non
302 372 394 454 enirn
413 373 459 453 iis
477 371 671 483 tyrannici
689 389 866 483 tanquam
885 370 1067 452 barban}
1084 373 1210 481 impetu,

198 483 275 566 Sed
272 486 317 593 fi
317 485 430 594 facio
437 483 544 594 justa
558 514 641 596 quae
645 484 758 591 stunt,
764 482 872 594 justa
889 483 984 564 mr'hi
999 481 1217 617 repensarunt:

142 636 240 716 Non
251 635 359 715 aliud
373 630 603 740 Thebisjus'
612 633 768 741 regium
780 629 998 742 antiquitirs
1010 630 1121 713 fuiffe
1133 628 1217 741 tefias

143 745 357 857 Sophocles
386 749 429 824 in
460 747 619 855 Oedipo
648 765 828 852 tyranno,
859 746 1032 825 undeet
1059 740 1217 827 Tirefiu⁴

143 860 275 940 Creon
297 858 457 968 Oedipo
477 857 659 937 ferociter
678 855 912 968 responsant,
931 855 1018 951 ille,

198 1007 253 1089 oi
272 1006 340 1114 'you'p
358 1044 392 1088 τι
411 1002 465 1088 nol
483 1007 531 1114 ζᾶ
548 1002 673 1097 δοῦλος.

198 1121 288 1200 Non
292 1117 435 1227 servus
452 1118 526 1199 tibi
526 1117 627 1224 stum

142 1255 241 1349 Hic,

156 1438 159 1443 -
199 1375 318 1489 inJaoi
337 1373 471 1470 πὸλεως
487 1374 633 1488 uiuum
653 1377 716 1474 τῆς
734 1374 768 1460 l‘
780 1379 816 1460 οὗ
834 1374 888 1460 rol
907 1373 1009 1488 Jeo‘uu.

198 1492 266 1598 Est
282 1509 319 1571 et
336 1491 429 1571 milri
431 1489 503 1595 jus
521 1490 560 1571 in
579 1489 651 1571 hac
669 1490 828 1570 cubitate
845 1519 915 1572 uon
933 1488 1010 1571 tibi
1012 1489 1149 1598 solum

142 1629 196 1707 Et
214 1627 361 1704 AEmon
379 1626 543 1704 Creonti
562 1626 604 1704 in
623 1625 839 1733 Antigone.

199 1747 305 1840 Πόλις
318 1745 387 1854 yrlp
402 1748 461 1828 otiu
475 1744 559 1842 ἔσθ’,
574 1744 650 1843 ἥτις
665 1744 777 1855 sulpic
793 1746 861 1830 ’ἔσθ’
873 1744 952 1840 ivelc.

199 1864 288 1942 Non
306 1861 355 1967 cst
373 1859 511 1940 cubitus
529 1890 612 1971 quae
632 1860 742 1940 unius
759 1860 915 1970 estviri.

142 2039 235 2144 Jam
255 2035 348 2118 verb
369 2036 759 2116 Lacedaemoniorum
778 2063 888 2144 reges
911 2036 953 2114 in
971 2035 1173 2142 judicium
1194 2031 1217 2117 fi

141 2148 344 2243 adduslos,
361 2168 401 2228 et
420 2148 620 2228 interdum
631 2167 760 2228 morte
781 2148 967 2228 multatos
983 2174 1107 2230 nemo
1124 2150 1217 2258 ignor

141 2263 276 2369 Atque
297 2258 378 2340 haec
397 2260 559 2368 quidem
582 2260 792 2368 antiquum
815 2260 856 2339 in
876 2260 1030 2341 Graecia
1045 2260 1115 2368 jus
1140 2258 1217 2369 regi

142 2372 257 2479 quale
273 2370 393 2451 fuerit
408 2372 496 2451 satis
512 2372 723 2452 declarant.
775 2370 840 2452 Ad
858 2371 1061 2453 Romanos
1073 2374 1217 2454 venian

141 2485 209 2562 Tu
229 2484 278 2562 ad
298 2483 395 2563 illud
415 2483 613 2593 imprimis
633 2484 797 2564 recurris
817 2511 895 2563 non
914 2483 1211 2579 Sallustianum,

143 2594 194 2674 C.
213 2596 403 2675 Memmii
423 2596 527 2705 apud
548 2594 789 2689 Sallustium,
809 2596 953 2704 impune
970 2594 1217 2706 quidvissace

141 2708 207 2787 cui
223 2704 336 2817 supra
355 2705 579 2817 responsum
594 2707 663 2786 est.
723 2706 924 2788 Sallustius
943 2706 1023 2817 ipse
1038 2706 1217 2789 disertis!

141 2817 202 2898 bis
230 2816 371 2898 author
399 2819 468 2912 est,
500 2820 680 2899 Romanos
707 2819 897 2928 imperium
925 2819 1145 2924 legitimum,
1172 2848 1217 2901 ua

143 2929 290 3039 imperii
304 2930 446 3038 regium
465 2929 581 3010 habui
605 2960 643 3023 e;
663 2932 770 3038 quod
789 2958 884 3010 cum
894 2929 941 3037 se
960 2931 999 3011 in
1016 2929 1217 3013 dominatr‘n

142 3040 342 3135 convertit,
368 3059 412 3121 ut
439 3040 553 3135 nosti,
580 3043 829 3152 expulerunt.
890 3043 954 3122 Sic
977 3043 1043 3121 M.
1064 3043 1217 3124 Tullius

144 3153 340 3248 Pisonem,
354 3181 429 3262 ego
442 3151 655 3233 Consulem
670 3153 743 3233 effe
758 3172 911 3263 putem,
927 3155 998 3262 qui
1010 3155 1217 3235 Senatum

145 3267 185 3345 in
206 3265 359 3376 republ.
382 3294 460 3346 non
480 3266 660 3375 putavit?
686 3283 725 3345 et
745 3266 822 3344 fine
842 3294 890 3346 eo
909 3265 1071 3346 confilio
1089 3265 1217 3347 consul

142 3405 364 3471 numerem,
389 3378 466 3457 fine
485 3405 565 3485 quo
586 3378 725 3456 Romae
744 3404 792 3456 ne
812 3378 1106 3486 reges'quidem
1124 3378 1202 3459 effe

144 3489 330 3568 tuerunt?
374 3489 522 3568 Audin'
553 3514 688 3595 regem
724 3488 864 3568 Romae
901 3488 978 3569 fine
1014 3491 1161 3569 Senatu
1195 3517 1217 3570 n

143 3597 281 3679 fuisse?
311 3602 373 3678 At
385 3600 575 3692 Romulus,
592 3617 636 3680 ut
645 3599 789 3679 libitum
805 3600 979 3681 Romanis
990 3599 1217 3710 imperitavu

143 3728 188 3791 ut
205 3710 263 3790 ait
279 3706 447 3790 Tacitus.
500 3710 696 3791 Nondum
715 3712 823 3791 enim
843 3711 1004 3791 fundata
1021 3713 1194 3820 legibus,
1209 3744 1217 3790 t

142 3822 265 3902 luvies
281 3818 412 3932 potibs
427 3846 691 3907 convenarum
706 3820 828 3930 quam
842 3822 1010 3933 respubl.
1026 3842 1133 3904 erat:
1154 3852 1217 3905 orn

141 3933 240 4013 olim
260 3933 444 4014 mortales
463 3934 540 4013 fine
559 3933 712 4041 legibus
731 3935 929 4028 vivebant,
954 3963 1049 4015 cum
1069 3936 1217 4044 respubl

143 4046 320 4126 nondum
336 4045 467 4125 essent.
528 4045 619 4125 Post
635 4046 859 4125 Romulum
875 4066 1025 4141 autem,
1039 4046 1210 4128 authore

142 4158 222 4251 vio,
248 4158 315 4238 etfi
338 4184 474 4265 regem
493 4184 630 4237 omnes
648 4156 847 4252 volebant,
870 4158 1059 4239 libertatis
1081 4158 1217 4241 dulcet

141 4269 320 4351 nondum
340 4269 517 4379 expertl,
543 4269 682 4378 Populo
710 4287 834 4350 tamen
846 4268 997 4375 stemma
1018 4272 1179 4381 potestas
1199 4300 1217 4382 J

140 4381 243 4493 miffa
260 4383 322 4492 est,
343 4401 387 4464 ut
405 4411 474 4464 non
486 4382 575 4490 plus
593 4379 727 4463 durent
733 4381 841 4489 juris
855 4410 964 4492 quam
978 4380 1215 4479 detinereute
