2888 5204
149 601 171 657 2
177 598 230 684 50
422 561 515 653 Pro
541 513 729 691 Populo
755 554 1026 690 Anglicano

143 735 354 816 demissum
380 760 573 841 unquam,
597 760 725 840 neque
749 732 869 813 ullius
895 735 1065 832 invidiae,
1089 736 1155 818 vel
1177 738 1291 819 etiarn

145 850 283 928 mortis
299 848 387 956 plus
402 874 513 954 aequo
527 864 770 925 metuentem
782 845 1041 954 praestiterim.
1073 850 1188 930 Nam
1201 876 1290 945 cum

145 959 193 1038 ab
209 958 495 1039 adolescentulo
514 955 814 1036 humanioribus
837 956 955 1039 essem
978 959 1131 1056 studiis,
1157 980 1204 1041 ut
1224 963 1289 1069 qui

145 1069 321 1150 maxime
345 1071 513 1160 deditus,
543 1088 585 1148 et
612 1069 772 1175 ingenio
800 1069 953 1179 semper
971 1057 1105 1179 'qudrn
1131 1099 1290 1182 corpore

146 1183 323 1277 validior,
337 1180 558 1291 posthabita
575 1180 752 1261 castrensi
770 1208 904 1288 opera,
917 1210 996 1292 qua
1014 1211 1080 1262 me
1092 1187 1290 1293 gregarius

145 1293 314 1399 quilibet
336 1293 530 1374 robustior
559 1291 674 1372 facile
706 1291 927 1401 superdffet,
953 1293 1001 1373 ad
1030 1322 1097 1375 me
1126 1296 1290 1391 contuli,

144 1404 288 1511 quibus
308 1406 396 1515 plus
416 1405 552 1515 potui3
577 1422 622 1482 ut
646 1421 756 1513 parte
775 1404 857 1483 mel
876 1405 1039 1486 meliore
1058 1434 1106 1487 ac
1124 1408 1290 1517 potiore,

145 1516 173 1595 fi
188 1516 377 1625 saperem,
390 1546 469 1596 non
484 1518 692 1610 deteriore,
707 1515 756 1594 ad
775 1515 943 1596 rationes
958 1519 1106 1626 patriae,
1117 1519 1290 1600 causam-

145 1656 224 1734 que
238 1626 340 1709 hanc
360 1628 719 1739 praestantiflimam,
736 1646 930 1734 quantum
948 1628 1127 1709 maxims
1146 1630 1289 1739 possem

145 1760 396 1821 momentum
411 1740 651 1820 accederem.
711 1738 775 1817 Sic
798 1740 930 1846 itaque
954 1740 1288 1836 existimabam,fi

147 1851 235 1930 illos
251 1853 363 1931 Deus
383 1881 441 1932 res
457 1878 590 1958 gerere
605 1869 686 1929 tam
700 1850 899 1958 praeclaras
915 1851 1053 1945 voluit,
1065 1853 1142 1933 effe
1154 1854 1289 1933 itidem

145 1962 242 2041 alios
262 1961 285 2041 ὲ
302 1963 447 2069 quibus
467 1963 591 2070 gestas
610 1962 690 2040 dici
709 1988 781 2068 pro
801 1961 992 2069 dignitate
1011 1983 1129 2071 atque
1148 1964 1287 2056 omasi,

145 2091 186 2153 et
209 2072 409 2152 defensam
434 2075 552 2153 armis
575 2074 796 2166 veritatem,
827 2076 979 2153 ratione
1004 2076 1142 2170 etiam,
1169 2076 1287 2185 (quod

145 2184 309 2264 unicum
325 2186 380 2265 est
394 2186 615 2294 praefidium
634 2182 723 2264 vere
743 2212 787 2263 ac
800 2183 959 2294 proprie
970 2182 1214 2295 humanum)
1225 2188 1289 2267 de-

145 2295 254 2375 fendi
273 2298 453 2378 voluerit.
507 2297 626 2376 Unde
646 2297 715 2397 est,
736 2316 781 2376 ut
799 2296 897 2376 dum
915 2296 1004 2376 illos
1023 2298 1192 2380 invistos
1210 2298 1288 2379 acie

145 2408 250 2487 viros
265 2409 453 2503 admiror,
468 2408 618 2489 demea
633 2407 792 2487 interim
811 2410 1013 2515 provincia
1031 2437 1113 2490 non
1130 2438 1286 2520 querar3

146 2520 273 2599 immo
293 2519 394 2600 mihi
413 2519 599 2627 gratuler,
616 2538 657 2599 et
671 2520 816 2626 gratias
835 2519 991 2629 insuper
1006 2521 1186 2628 largitori
1203 2549 1288 2601 mu-

146 2657 288 2709 nerum
310 2632 455 2711 coelesti
473 2633 619 2711 iterum
636 2629 806 2709 summas
818 2658 939 2738 *agam
957 2631 1138 2739 obtigisse
1158 2634 1286 2713 talem.

145 2760 190 2820 ut
208 2743 292 2820 aliis
312 2743 520 2823 invidenda
538 2740 667 2822 multb
684 2743 825 2850 magis,
842 2771 963 2850 quam
983 2743 1086 2822 mihi
1105 2744 1190 2824 ullo
1204 2772 1287 2824 mo-

146 2852 197 2931 do
217 2854 441 2960 poenitenda
459 2855 649 2934 videatur.
708 2855 762 2933 Et
783 2881 848 2932 me
872 2854 1036 2961 quidem
1060 2856 1213 2936 nemini
1231 2855 1289 2935 vel

146 2962 285 3042 infimo
305 2964 429 3044 libens
444 2965 627 3059 confer03
654 2992 726 3043 nec
745 2963 910 3043 verbum
929 2967 977 3046 de
997 2993 1063 3045 me
1082 2966 1214 3046 ullum
1232 2967 1290 3045 in-

147 3074 329 3154 solentius
342 3074 462 3156 facio:
483 3077 531 3156 ad
543 3075 698 3156 causam
712 3074 805 3154 verb
815 3079 998 3157 omnium
1013 3077 1288 3159 nobiliffimsm

147 3214 193 3264 ac
212 3188 522 3280 celeberrimam,
537 3207 576 3267 et
590 3186 667 3267 hoc
679 3186 793 3266 fimul
806 3186 1024 3268 defensores
1039 3188 1141 3297 ipsos
1156 3188 1288 3269 desen·

148 3298 267 3377 dendi
286 3327 429 3379 munus
451 3300 751 3391 ornatiffimum‚
776 3298 950 3406 ipsorum
976 3297 1078 3379 mihi
1102 3298 1289 3409 suffragiis

146 3410 382 3489 attributum
412 3430 529 3518 atque
552 3410 727 3516 judiciis,
756 3411 908 3515 quoties
939 3413 1120 3490 animum
1151 3410 1287 3503 refero,

145 3518 270 3601 fateor
298 3549 363 3601 me
395 3520 497 3600 mihi
527 3525 595 3599 vix
635 3539 867 3628 temperare,
905 3522 1003 3629 quin
1030 3523 1146 3602 altius
1177 3541 1287 3631 atque

146 3632 351 3712 audentius
384 3661 505 3740 quam
535 3661 606 3742 pro
638 3632 790 3711 exordii
823 3633 971 3713 ratione
997 3633 1225 3740 insurgam3
1255 3649 1289 3711 et

146 3745 330 3846 grandius
357 3745 560 3851 quiddam,
594 3743 701 3851 quod
732 3743 866 3851 eloqui
903 3745 1059 3853 poffim,
1094 3771 1285 3854 quaeram:

146 3856 467 3962 quandoquidem
499 3873 668 3934 oratores
707 3855 794 3934 illos
828 3857 1009 3963 antiquos
1038 3875 1078 3935 et
1110 3857 1285 3965 insignes,

146 3985 340 4068 quantum
359 3992 434 4071 ego
456 3964 505 4045 ab
531 3967 608 4045 illis
632 3993 710 4043 non
736 3965 892 4044 dicendi
915 3963 1057 4060 soliun,
1082 3966 1147 4046 sed
1170 3986 1212 4047 et
1233 3967 1288 4046 lo-

145 4077 291 4180 quendi
320 4073 518 4169 facultate,
548 4078 606 4182 (in
639 4094 822 4155 extranea
881 4076 1078 4171 raesertim,
1102 4096 1286 4186 quantor

144 4186 367 4277 necessario,
384 4187 533 4292 lingua,
553 4207 593 4266 et
609 4187 774 4296 persaepe
794 4105 895 4266 milii
915 4215 1167 4296 nequaquam
1188 4187 1285 4269 satis·

144 4294 263 4402 facio)
296 4294 401 4375 haud
431 4297 551 4377 dubie
572 4300 728 4390 vincor,
757 4317 910 4378 tantum
943 4326 1081 4379 omnes
1108 4304 1287 4381 omnium

143 4425 315 4499 aetatum,
348 4410 518 4487 materia
544 4408 747 4489 nobilitate
781 4428 821 4488 et
854 4429 1088 4517 argumento
1117 4412 1285 4493 vincam.
1319 4424 1323 4430 ’

143 4519 265 4628 QOd
289 4537 329 4598 et
353 4520 410 4598 rei
433 4538 581 4600 tantam
608 4521 925 4629 expectationem
951 4550 996 4600 ac
1018 4521 1286 4604 celebritatem

142 4630 295 4735 adjecit,
309 4650 353 4710 ut
362 4631 446 4736 jam
458 4631 538 4740 ipse
553 4661 617 4712 me
632 4633 796 4711 sentiam
809 4659 888 4713 non
904 4634 945 4711 in
962 4631 1049 4712 foro
1061 4652 1133 4713 aut
1145 4635 1285 4725 rostris,

141 4769 221 4822 uno
251 4743 440 4823 duntaxat
468 4743 632 4852 populo,
658 4745 720 4823 vel
747 4746 946 4839 Romano,
975 4745 1039 4823 vel
1059 4742 1287 4827 Atheniens
