2888 5204
148 208 225 315 348
395 192 620 290 Authoris
645 229 730 326 pro
753 190 798 290 se
825 188 1052 291 Defensro

143 374 214 453 fibi
233 373 387 454 videtur
407 371 592 452 mendosa
610 372 822 482 imprimit.
880 373 989 454 Bene
1008 374 1110 484 agis,
1131 373 1278 468 Ulacce,

143 505 190 567 ut
216 483 471 580 consuevisti;
501 484 566 565 sed
591 484 809 565 audiarium
835 482 913 566 hoc
939 485 1080 566 damni
1104 486 1211 597 quid.
1225 486 1282 566 fibi

141 597 229 677 vult
247 597 473 703 adjedum?
501 624 573 676 cur
590 596 826 706 appendices
844 624 913 677 vos
939 597 1044 708 ipsos
1070 596 1283 707 adjunxistis

143 707 262 802 mihi,
287 706 499 788 hominum
526 708 875 817 importuniffimil
905 707 1077 790 nemone
1109 727 1158 790 ut
1186 708 1284 821 pollit

143 848 209 899 me
231 819 347 916 velle,
367 821 465 928 quin
490 848 559 900 vos
585 847 744 929 quoque
770 819 834 901 vel
862 821 1173 929 ingratiffimum
1200 848 1284 903 onus

143 929 222 1011 und
240 930 341 1011 serre
360 933 553 1040 cogatur?
583 934 692 1039 Ergo
706 960 797 1042 ego,
814 951 859 1012 ut
872 934 1044 1028 videtur,
1060 960 1145 1014 non
1162 961 1284 1028 caecus,

143 1044 208 1123 sed
234 1045 382 1138 caecias,
401 1071 500 1152 quos
525 1043 707 1124 volebam
732 1043 951 1155 propellere
979 1043 1215 1141 nebulones,
1236 1064 1286 1126 at·

144 1156 260 1236 traxi.
319 1156 387 1236 Tu
415 1152 523 1248 verb,
554 1153 702 1236 adedne
740 1155 828 1250 tibi,
863 1157 998 1253 More,
1033 1154 1189 1268 tudque
1224 1158 1286 1238 five

143 1269 263 1376 genio
282 1267 358 1347 five
385 1267 545 1374 ingenio
571 1266 718 1348 diffisus
744 1295 800 1363 es,
820 1288 865 1348 ut
887 1271 1089 1350 victurum
1116 1288 1174 1365 te,
1192 1286 1232 1350 et
1252 1270 1286 1349 iu

144 1406 284 1459 manus
318 1377 528 1459 hominum
567 1396 848 1488 perventurum
880 1379 1119 1491 desperares,
1156 1382 1227 1462 nisi
1255 1398 1286 1461 te

144 1488 247 1570 mihi
276 1490 454 1571 asseclam
484 1518 723 1600 quocunque
752 1493 868 1584 irem,
901 1489 1005 1574 male
1037 1494 1285 1574 conciliatum

143 1601 423 1708 agglutinares,
444 1620 484 1681 et
502 1603 747 1712 emptoribus
774 1605 894 1684 etiam
922 1604 1151 1687 nolentibus
1169 1624 1208 1685 te
1224 1604 1283 1685 ob·

144 1713 344 1793 truderes?
373 1709 514 1793 verium
533 1734 718 1825 expertus
734 1714 820 1821 jam
839 1714 959 1796 didici
978 1717 1079 1826 quid
1097 1717 1147 1799 sit
1165 1719 1283 1826 picem

143 1829 369 1920 attredare3
400 1844 441 1906 et
465 1844 549 1906 erat
572 1824 665 1922 hoc,
685 1828 842 1937 opinor,
867 1824 972 1908 haud
998 1828 1134 1909 minus
1155 1828 1283 1909 Ulacci

144 1936 283 2018 astutid
313 1935 528 2046 provisum,
548 1939 618 2047 qui
645 1966 723 2018 non
743 1939 932 2049 Typogra
961 1936 1035 2020 hus
1062 1937 1209 2036 solium,
1231 1936 1285 2020 sed

145 2049 429 2143 arithmeticus,
449 2050 556 2158 quod
574 2052 659 2158 jam
678 2049 816 2145 fateor,
835 1968 1003 2146 vetulis,
1022 2054 1229 2133 metuebat
1243 2079 1283 2131 ne

145 2161 363 2243 Alexandri
374 2161 486 2242 Mori
500 2161 782 2270 negleslastdes
792 2162 945 2272 publica
957 2162 1121 2269 jaceret,
1139 2159 1284 2274 ssquel

144 2273 330 2353 soricibus
349 2271 449 2381 aegrd
469 2292 656 2368 tueretur,
673 2275 743 2354 nifi
758 2271 860 2355 hanc
879 2294 1003 2356 artem
1021 2274 1282 2384 Alligationis,

145 2384 236 2466 vere
267 2386 560 2492 cauponariam,
587 2384 834 2480 adhibuiffet,
861 2404 902 2466 et
926 2387 1004 2466 vile
1034 2414 1082 2468 ac
1110 2388 1282 2469 vitiosum

145 2496 333 2576 vendibili
354 2495 575 2595 miscuisset.
636 2498 724 2605 Age
738 2494 845 2592 verb,
862 2499 1049 2606 quoniam
1070 2500 1221 2580 neceffe
1237 2496 1282 2579 esl

143 2636 237 2688 cum
277 2605 514 2687 Desenfione
552 2636 625 2717 pro
663 2637 757 2721 pop.
796 2610 1035 2719 Anglicano,
1074 2609 1281 2692 Alexandri

142 2720 254 2800 Mori
289 2719 408 2798 fidem
446 2720 649 2828 publicam
681 2749 877 2816 coemere,
912 2750 1142 2831 quanquam
1176 2749 1281 2835 parva

143 2830 239 2925 haec,
261 2850 459 2940 utcunque
481 2834 780 2913 nummulorum
798 2833 948 2940 jadbura
966 2837 1055 2929 erit,
1077 2835 1224 2916 discere
1240 2860 1281 2914 ex

144 2963 181 3023 te
202 2970 377 3037 avemus,
397 2945 494 3051 quid
515 2945 559 3023 fit
578 2945 689 3024 Mori
695 2946 794 3053 fides
813 2944 1001 3055 publica?
1032 2944 1170 3027 utrirm
1198 2974 1280 3028 con·

142 3055 344 3136 feffionem
366 3073 440 3135 tuae
460 3055 550 3135 fidei
569 3055 769 3164 publicam
794 3056 905 3136 nobis
928 3055 1109 3154 exhibes,
1128 3088 1180 3139 an
1198 3054 1281 3169 quid

142 3169 183 3246 in
204 3167 457 3276 symbolum?
488 3167 586 3246 Haec
605 3168 714 3246 enim
734 3187 799 3248 tua
819 3167 913 3250 fides
932 3168 1092 3278 publica
1111 3171 1183 3265 est,
1202 3168 1278 3281 opi·

144 3307 239 3375 nor;
272 3282 420 3389 privata
441 3307 489 3359 an
508 3280 552 3358 srt
571 3280 716 3372 dicant,
733 3279 802 3389 qui
823 3297 860 3358 te
880 3281 983 3389 Spir.
1005 3283 1195 3363 Sanctum
1212 3306 1279 3361 nou

145 3392 349 3499 agnoscere
379 3390 570 3471 accusant.
633 3392 744 3504 Qid
767 3419 861 3499 ergo
881 3392 963 3472 est?
994 3388 1154 3474 tusmne
1183 3393 1278 3475 dica·

144 3532 232 3583 mus
262 3503 382 3583 fidem
411 3502 485 3581 elle
511 3503 725 3610 publicam,
755 3531 803 3582 an
834 3502 954 3584 fidem
982 3504 1188 3613 publicam
1216 3500 1277 3584 elle

143 3616 274 3693 tuam?
294 3616 429 3692 Tuam
442 3613 561 3693 fidem
578 3614 674 3693 ficut
686 3634 724 3693 et
736 3614 971 3723 pudicitiam
982 3616 1056 3696 else
1071 3616 1277 3724 publicam,

142 3753 221 3804 non
242 3725 298 3805 est
315 3725 475 3804 difficile
490 3743 534 3804 ut
553 3727 769 3807 credamus.
830 3729 916 3835 Qri
930 3728 1038 3807 enim
1053 3727 1200 3810 alienas
1214 3754 1279 3809 ux-

142 3864 227 3917 ores
247 3856 287 3916 et
313 3836 471 3916 ancillas
489 3837 547 3916 vis
572 3837 645 3917 elle
667 3837 859 3947 publicas,
884 3837 1023 3946 quidni
1049 3857 1118 3919 tua
1141 3840 1279 3929 omnia,

173 3949 336 4028 udorem
352 3948 472 4027 etiam
487 3976 532 4027 ac
546 3948 664 4029 fidem
681 3948 881 4059 publicam
894 3950 968 4029 esse
980 3950 1097 4030 velis?
1116 3953 1184 4032 An
1198 3946 1281 4031 verb

141 3977 219 4141 lioc
231 4060 287 4141 est
306 4062 411 4168 quod
430 4058 542 4153 dicis,
560 4059 681 4140 fidem
698 4060 898 4169 publicam
912 4061 987 4141 esse
999 4066 1140 4144 tuam?
1159 4082 1200 4144 at
1213 4060 1282 4142 hoc

141 4172 212 4281 qul
236 4174 363 4283 potest
389 4171 501 4252 fieri?
536 4169 656 4252 Tbne
681 4172 801 4251 fidem
831 4173 1034 4281 publicam
1061 4201 1136 4284 pro
1166 4174 1284 4255 scorto

141 4286 339 4367 abduxisse
361 4303 398 4364 te
418 4302 544 4393 putas,
563 4302 629 4364 tua
650 4303 693 4363 ut
712 4285 825 4364 fimul
845 4285 937 4365 esset
956 4303 997 4365 et
1014 4286 1286 4395 publicabant

139 4398 330 4508 captiosus
355 4396 421 4477 hic
446 4395 582 4475 titulus
608 4394 679 4490 est,
710 4416 776 4476 aut
803 4394 908 4477 sensu
941 4426 1098 4482 vacuus.
1162 4399 1204 4481 si
1227 4418 1288 4480 tua
