<?xml version="1.0" encoding="UTF-8"?>
<!DOCTYPE html PUBLIC "-//W3C//DTD XHTML 1.0 Transitional//EN"
    "http://www.w3.org/TR/xhtml1/DTD/xhtml1-transitional.dtd">
<html xmlns="http://www.w3.org/1999/xhtml" xml:lang="en" lang="en">
 <head>
  <title>
</title>
<meta http-equiv="Content-Type" content="text/html;charset=utf-8" />
  <meta name='ocr-system' content='tesseract 3.04.00' />
  <meta name='ocr-capabilities' content='ocr_page ocr_carea ocr_par ocr_line ocrx_word'/>
</head>
<body>
  <div class='ocr_page' id='page_1' title='image "./worksjohnmilton07miltgoog_0395.png"; bbox 0 0 2888 5204; ppageno 0'>
   <div class='ocr_carea' id='block_1_1' title="bbox 148 165 1052 301">
    <p class='ocr_par' dir='ltr' id='par_1_1' title="bbox 148 165 1052 301">
     <span class='ocr_line' id='line_1_1' title="bbox 148 165 1052 301; baseline 0.002 -37"><span class='ocrx_word' id='word_1_1' title='bbox 148 183 225 291; x_wconf 51' lang='grc' dir='ltr'><em>ψ</em></span> <span class='ocrx_word' id='word_1_2' title='bbox 395 165 1052 301; x_wconf 55' lang='lat' dir='ltr'>mmmmstfflfflsp</span> 
     </span>
    </p>
   </div>
   <div class='ocr_carea' id='block_1_2' title="bbox 142 344 1324 3596">
    <p class='ocr_par' dir='ltr' id='par_1_2' title="bbox 142 344 1324 3596">
     <span class='ocr_line' id='line_1_2' title="bbox 147 344 1286 443; baseline -0.006 -16"><span class='ocrx_word' id='word_1_3' title='bbox 147 348 252 443; x_wconf 89' lang='lat' dir='ltr'>disti,</span> <span class='ocrx_word' id='word_1_4' title='bbox 279 375 349 427; x_wconf 91' lang='lat' dir='ltr'>cur</span> <span class='ocrx_word' id='word_1_5' title='bbox 375 347 441 426; x_wconf 92' lang='lat' dir='ltr'>alii</span> <span class='ocrx_word' id='word_1_6' title='bbox 470 366 508 426; x_wconf 89' lang='lat' dir='ltr'>te</span> <span class='ocrx_word' id='word_1_7' title='bbox 541 346 872 425; x_wconf 85' lang='lat' dir='ltr'>continentiorem</span> <span class='ocrx_word' id='word_1_8' title='bbox 896 349 1016 424; x_wconf 68' lang='lat' dir='ltr'>noctu</span> <span class='ocrx_word' id='word_1_9' title='bbox 1040 371 1137 424; x_wconf 90' lang='lat' dir='ltr'>cum</span> <span class='ocrx_word' id='word_1_10' title='bbox 1162 344 1286 422; x_wconf 89' lang='lat' dir='ltr'>eadem</span> 
     </span>
     <span class='ocr_line' id='line_1_3' title="bbox 148 453 1286 565; baseline -0.004 -28"><span class='ocrx_word' id='word_1_11' title='bbox 148 458 383 538; x_wconf 72' lang='lat' dir='ltr'>consuevisse</span> <span class='ocrx_word' id='word_1_12' title='bbox 414 459 644 538; x_wconf 88' lang='lat' dir='ltr'>crederent?</span> <span class='ocrx_word' id='word_1_13' title='bbox 685 485 734 536; x_wconf 89' lang='lat' dir='ltr'>an</span> <span class='ocrx_word' id='word_1_14' title='bbox 762 459 945 565; x_wconf 62' lang='lat' dir='ltr'>expectas</span> <span class='ocrx_word' id='word_1_15' title='bbox 973 458 1073 537; x_wconf 92' lang='lat' dir='ltr'>dum</span> <span class='ocrx_word' id='word_1_16' title='bbox 1104 453 1286 536; x_wconf 91' lang='lat' dir='ltr'>servulum</span> 
     </span>
     <span class='ocr_line' id='line_1_4' title="bbox 146 569 1286 679; baseline -0.005 -29"><span class='ocrx_word' id='word_1_17' title='bbox 146 589 262 650; x_wconf 91' lang='lat' dir='ltr'>tuum</span> <span class='ocrx_word' id='word_1_18' title='bbox 283 573 377 651; x_wconf 92' lang='lat' dir='ltr'>inte</span> <span class='ocrx_word' id='word_1_19' title='bbox 398 571 630 679; x_wconf 88' lang='lat' dir='ltr'>producam,</span> <span class='ocrx_word' id='word_1_20' title='bbox 651 569 915 678; x_wconf 85' lang='lat' dir='ltr'>nequitiarum</span> <span class='ocrx_word' id='word_1_21' title='bbox 936 589 1098 651; x_wconf 88' lang='lat' dir='ltr'>tuarum</span> <span class='ocrx_word' id='word_1_22' title='bbox 1115 569 1184 649; x_wconf 94' lang='lat' dir='ltr'>diu</span> <span class='ocrx_word' id='word_1_23' title='bbox 1202 594 1286 647; x_wconf 86' lang='lat' dir='ltr'>cou-</span> 
     </span>
     <span class='ocr_line' id='line_1_5' title="bbox 148 679 1284 791; baseline -0.004 -30"><span class='ocrx_word' id='word_1_24' title='bbox 148 682 287 776; x_wconf 93' lang='lat' dir='ltr'>scium,</span> <span class='ocrx_word' id='word_1_25' title='bbox 303 683 445 775; x_wconf 89' lang='lat' dir='ltr'>donec,</span> <span class='ocrx_word' id='word_1_26' title='bbox 459 683 637 762; x_wconf 90' lang='lat' dir='ltr'>nondum</span> <span class='ocrx_word' id='word_1_27' title='bbox 649 679 764 790; x_wconf 72' lang='lat' dir='ltr'>plane</span> <span class='ocrx_word' id='word_1_28' title='bbox 778 681 914 762; x_wconf 82' lang='lat' dir='ltr'>amisso</span> <span class='ocrx_word' id='word_1_29' title='bbox 927 682 1093 791; x_wconf 89' lang='lat' dir='ltr'>pudore,</span> <span class='ocrx_word' id='word_1_30' title='bbox 1110 680 1284 787; x_wconf 83' lang='lat' dir='ltr'>aufugere</span> 
     </span>
     <span class='ocr_line' id='line_1_6' title="bbox 147 791 1283 903; baseline -0.005 -29"><span class='ocrx_word' id='word_1_31' title='bbox 147 794 214 874; x_wconf 93' lang='lat' dir='ltr'>abs</span> <span class='ocrx_word' id='word_1_32' title='bbox 234 814 272 875; x_wconf 90' lang='lat' dir='ltr'>te</span> <span class='ocrx_word' id='word_1_33' title='bbox 293 797 333 874; x_wconf 93' lang='lat' dir='ltr'>in</span> <span class='ocrx_word' id='word_1_34' title='bbox 352 795 499 875; x_wconf 89' lang='lat' dir='ltr'>bonam</span> <span class='ocrx_word' id='word_1_35' title='bbox 519 793 678 902; x_wconf 87' lang='lat' dir='ltr'>frugem</span> <span class='ocrx_word' id='word_1_36' title='bbox 697 793 909 903; x_wconf 72' lang='lat' dir='ltr'>conspettae</span> <span class='ocrx_word' id='word_1_37' title='bbox 935 794 1025 902; x_wconf 87' lang='lat' dir='ltr'>ipsis</span> <span class='ocrx_word' id='word_1_38' title='bbox 1049 795 1177 874; x_wconf 90' lang='lat' dir='ltr'>oculis</span> <span class='ocrx_word' id='word_1_39' title='bbox 1204 791 1283 871; x_wconf 93' lang='lat' dir='ltr'>libi-</span> 
     </span>
     <span class='ocr_line' id='line_1_7' title="bbox 147 906 1285 1017; baseline -0.003 -32"><span class='ocrx_word' id='word_1_40' title='bbox 147 907 259 987; x_wconf 85' lang='lat' dir='ltr'>dines</span> <span class='ocrx_word' id='word_1_41' title='bbox 276 927 350 987; x_wconf 86' lang='lat' dir='ltr'>tuae</span> <span class='ocrx_word' id='word_1_42' title='bbox 366 907 622 1017; x_wconf 73' lang='lat' dir='ltr'>pudefactum</span> <span class='ocrx_word' id='word_1_43' title='bbox 636 907 877 1015; x_wconf 86' lang='lat' dir='ltr'>coegerunt?</span> <span class='ocrx_word' id='word_1_44' title='bbox 936 908 1052 1015; x_wconf 91' lang='lat' dir='ltr'>Opus</span> <span class='ocrx_word' id='word_1_45' title='bbox 1068 906 1206 1014; x_wconf 92' lang='lat' dir='ltr'>utique</span> <span class='ocrx_word' id='word_1_46' title='bbox 1218 930 1285 983; x_wconf 87' lang='lat' dir='ltr'>non</span> 
     </span>
     <span class='ocr_line' id='line_1_8' title="bbox 146 1015 1283 1128; baseline -0.004 -30"><span class='ocrx_word' id='word_1_47' title='bbox 146 1020 222 1098; x_wconf 89' lang='lat' dir='ltr'>erit</span> <span class='ocrx_word' id='word_1_48' title='bbox 234 1019 388 1099; x_wconf 89' lang='lat' dir='ltr'>servum</span> <span class='ocrx_word' id='word_1_49' title='bbox 400 1022 515 1100; x_wconf 92' lang='lat' dir='ltr'>illum</span> <span class='ocrx_word' id='word_1_50' title='bbox 527 1020 576 1098; x_wconf 92' lang='lat' dir='ltr'>ad</span> <span class='ocrx_word' id='word_1_51' title='bbox 591 1018 843 1127; x_wconf 80' lang='lat' dir='ltr'>quaestionem</span> <span class='ocrx_word' id='word_1_52' title='bbox 855 1018 1038 1127; x_wconf 89' lang='lat' dir='ltr'>poscere:</span> <span class='ocrx_word' id='word_1_53' title='bbox 1071 1015 1283 1128; x_wconf 87' lang='lat' dir='ltr'>Ipsedetes·</span> 
     </span>
     <span class='ocr_line' id='line_1_9' title="bbox 148 1128 1283 1239; baseline -0.001 -29"><span class='ocrx_word' id='word_1_54' title='bbox 148 1150 250 1211; x_wconf 90' lang='lat' dir='ltr'>tatus</span> <span class='ocrx_word' id='word_1_55' title='bbox 271 1150 375 1212; x_wconf 88' lang='lat' dir='ltr'>tanta</span> <span class='ocrx_word' id='word_1_56' title='bbox 395 1135 436 1213; x_wconf 93' lang='lat' dir='ltr'>in</span> <span class='ocrx_word' id='word_1_57' title='bbox 453 1131 721 1211; x_wconf 88' lang='lat' dir='ltr'>Ecclesiastico</span> <span class='ocrx_word' id='word_1_58' title='bbox 740 1128 904 1210; x_wconf 92' lang='lat' dir='ltr'>homine</span> <span class='ocrx_word' id='word_1_59' title='bbox 924 1132 1088 1239; x_wconf 91' lang='lat' dir='ltr'>flagitia,</span> <span class='ocrx_word' id='word_1_60' title='bbox 1108 1129 1184 1210; x_wconf 68' lang='lat' dir='ltr'>late</span> <span class='ocrx_word' id='word_1_61' title='bbox 1200 1158 1283 1239; x_wconf 78' lang='lat' dir='ltr'>prae·</span> 
     </span>
     <span class='ocr_line' id='line_1_10' title="bbox 147 1240 1284 1339; baseline -0.002 -17"><span class='ocrx_word' id='word_1_62' title='bbox 147 1244 266 1324; x_wconf 90' lang='lat' dir='ltr'>dicat.</span> <span class='ocrx_word' id='word_1_63' title='bbox 325 1245 392 1323; x_wconf 92' lang='lat' dir='ltr'>Tu</span> <span class='ocrx_word' id='word_1_64' title='bbox 413 1246 573 1324; x_wconf 89' lang='lat' dir='ltr'>interim</span> <span class='ocrx_word' id='word_1_65' title='bbox 594 1262 639 1324; x_wconf 93' lang='lat' dir='ltr'>ut</span> <span class='ocrx_word' id='word_1_66' title='bbox 657 1242 865 1337; x_wconf 73' lang='lat' dir='ltr'>ledtorum,</span> <span class='ocrx_word' id='word_1_67' title='bbox 882 1244 1003 1324; x_wconf 90' lang='lat' dir='ltr'>finon</span> <span class='ocrx_word' id='word_1_68' title='bbox 1023 1271 1151 1339; x_wconf 89' lang='lat' dir='ltr'>aures,</span> <span class='ocrx_word' id='word_1_69' title='bbox 1167 1262 1207 1323; x_wconf 90' lang='lat' dir='ltr'>at</span> <span class='ocrx_word' id='word_1_70' title='bbox 1223 1240 1284 1321; x_wconf 88' lang='lat' dir='ltr'>sal·</span> 
     </span>
     <span class='ocr_line' id='line_1_11' title="bbox 148 1355 1282 1464; baseline -0.002 -30"><span class='ocrx_word' id='word_1_71' title='bbox 148 1374 230 1435; x_wconf 89' lang='lat' dir='ltr'>tem</span> <span class='ocrx_word' id='word_1_72' title='bbox 244 1355 379 1436; x_wconf 87' lang='lat' dir='ltr'>oculos</span> <span class='ocrx_word' id='word_1_73' title='bbox 399 1359 562 1437; x_wconf 91' lang='lat' dir='ltr'>invitare</span> <span class='ocrx_word' id='word_1_74' title='bbox 583 1356 714 1464; x_wconf 82' lang='lat' dir='ltr'>pollis,</span> <span class='ocrx_word' id='word_1_75' title='bbox 728 1357 1014 1436; x_wconf 89' lang='lat' dir='ltr'>oratiunculam</span> <span class='ocrx_word' id='word_1_76' title='bbox 1034 1355 1282 1464; x_wconf 85' lang='lat' dir='ltr'>nescioquam</span> 
     </span>
     <span class='ocr_line' id='line_1_12' title="bbox 148 1465 1283 1577; baseline 0.001 -33"><span class='ocrx_word' id='word_1_77' title='bbox 148 1465 384 1548; x_wconf 84' lang='lat' dir='ltr'>insercishlc</span> <span class='ocrx_word' id='word_1_78' title='bbox 397 1468 999 1577; x_wconf 88' lang='lat' dir='ltr'>putidisfimam‚Historicorum</span> <span class='ocrx_word' id='word_1_79' title='bbox 1012 1495 1139 1562; x_wconf 91' lang='lat' dir='ltr'>more,</span> <span class='ocrx_word' id='word_1_80' title='bbox 1153 1465 1283 1547; x_wconf 88' lang='lat' dir='ltr'>lunulis</span> 
     </span>
     <span class='ocr_line' id='line_1_13' title="bbox 146 1579 1285 1688; baseline 0.002 -32"><span class='ocrx_word' id='word_1_81' title='bbox 146 1579 387 1674; x_wconf 88' lang='lat' dir='ltr'>adnotatam,</span> <span class='ocrx_word' id='word_1_82' title='bbox 407 1581 513 1688; x_wconf 85' lang='lat' dir='ltr'>quasr</span> <span class='ocrx_word' id='word_1_83' title='bbox 534 1579 792 1661; x_wconf 73' lang='lat' dir='ltr'>acutissimam</span> <span class='ocrx_word' id='word_1_84' title='bbox 812 1582 1004 1660; x_wconf 90' lang='lat' dir='ltr'>nimirum</span> <span class='ocrx_word' id='word_1_85' title='bbox 1024 1599 1066 1660; x_wconf 89' lang='lat' dir='ltr'>et</span> <span class='ocrx_word' id='word_1_86' title='bbox 1085 1580 1190 1659; x_wconf 68' lang='lat' dir='ltr'>ledlu</span> <span class='ocrx_word' id='word_1_87' title='bbox 1207 1580 1285 1685; x_wconf 93' lang='lat' dir='ltr'>dig·</span> 
     </span>
     <span class='ocr_line' id='line_1_14' title="bbox 147 1691 1286 1800; baseline 0.002 -32"><span class='ocrx_word' id='word_1_88' title='bbox 147 1691 371 1771; x_wconf 86' lang='lat' dir='ltr'>niffimam:</span> <span class='ocrx_word' id='word_1_89' title='bbox 413 1719 492 1771; x_wconf 92' lang='lat' dir='ltr'>non</span> <span class='ocrx_word' id='word_1_90' title='bbox 526 1695 760 1786; x_wconf 89' lang='lat' dir='ltr'>orationem,</span> <span class='ocrx_word' id='word_1_91' title='bbox 795 1691 859 1771; x_wconf 92' lang='lat' dir='ltr'>sed</span> <span class='ocrx_word' id='word_1_92' title='bbox 894 1691 1062 1772; x_wconf 91' lang='lat' dir='ltr'>chorum</span> <span class='ocrx_word' id='word_1_93' title='bbox 1098 1691 1286 1800; x_wconf 88' lang='lat' dir='ltr'>quendam</span> 
     </span>
     <span class='ocr_line' id='line_1_15' title="bbox 147 1802 1285 1914; baseline 0 -33"><span class='ocrx_word' id='word_1_94' title='bbox 147 1802 449 1910; x_wconf 89' lang='lat' dir='ltr'>Battologorum</span> <span class='ocrx_word' id='word_1_95' title='bbox 462 1805 731 1886; x_wconf 75' lang='lat' dir='ltr'>introdudlum</span> <span class='ocrx_word' id='word_1_96' title='bbox 743 1803 811 1884; x_wconf 84' lang='lat' dir='ltr'>abs</span> <span class='ocrx_word' id='word_1_97' title='bbox 824 1823 862 1883; x_wconf 88' lang='lat' dir='ltr'>te</span> <span class='ocrx_word' id='word_1_98' title='bbox 875 1805 1016 1914; x_wconf 88' lang='lat' dir='ltr'>aliquis</span> <span class='ocrx_word' id='word_1_99' title='bbox 1032 1823 1174 1914; x_wconf 90' lang='lat' dir='ltr'>putet;</span> <span class='ocrx_word' id='word_1_100' title='bbox 1195 1803 1285 1883; x_wconf 88' lang='lat' dir='ltr'>ami·</span> 
     </span>
     <span class='ocr_line' id='line_1_16' title="bbox 146 1915 1286 2026; baseline 0.001 -33"><span class='ocrx_word' id='word_1_101' title='bbox 146 1942 285 1994; x_wconf 90' lang='lat' dir='ltr'>corum</span> <span class='ocrx_word' id='word_1_102' title='bbox 298 1915 445 1996; x_wconf 90' lang='lat' dir='ltr'>scilicet</span> <span class='ocrx_word' id='word_1_103' title='bbox 458 1936 633 2011; x_wconf 90' lang='lat' dir='ltr'>tuorum,</span> <span class='ocrx_word' id='word_1_104' title='bbox 650 1915 897 1996; x_wconf 89' lang='lat' dir='ltr'>hortantium</span> <span class='ocrx_word' id='word_1_105' title='bbox 910 1936 955 1995; x_wconf 93' lang='lat' dir='ltr'>ut</span> <span class='ocrx_word' id='word_1_106' title='bbox 972 1916 1127 2026; x_wconf 72' lang='lat' dir='ltr'>terpstcm</span> <span class='ocrx_word' id='word_1_107' title='bbox 1146 1945 1286 1997; x_wconf 85' lang='lat' dir='ltr'>revere·</span> 
     </span>
     <span class='ocr_line' id='line_1_17' title="bbox 144 2027 1285 2140; baseline 0.001 -35"><span class='ocrx_word' id='word_1_108' title='bbox 144 2028 251 2119; x_wconf 88' lang='lat' dir='ltr'>arir,·</span> <span class='ocrx_word' id='word_1_109' title='bbox 283 2044 329 2107; x_wconf 92' lang='lat' dir='ltr'>ut</span> <span class='ocrx_word' id='word_1_110' title='bbox 348 2056 486 2135; x_wconf 87' lang='lat' dir='ltr'>ungues</span> <span class='ocrx_word' id='word_1_111' title='bbox 505 2046 599 2124; x_wconf 87' lang='lat' dir='ltr'>tuor,</span> <span class='ocrx_word' id='word_1_112' title='bbox 620 2057 719 2138; x_wconf 91' lang='lat' dir='ltr'>quos</span> <span class='ocrx_word' id='word_1_113' title='bbox 739 2029 812 2109; x_wconf 93' lang='lat' dir='ltr'>tibi</span> <span class='ocrx_word' id='word_1_114' title='bbox 832 2028 1004 2110; x_wconf 88' lang='lat' dir='ltr'>fatentur</span> <span class='ocrx_word' id='word_1_115' title='bbox 1022 2059 1094 2110; x_wconf 88' lang='lat' dir='ltr'>non</span> <span class='ocrx_word' id='word_1_116' title='bbox 1112 2027 1233 2140; x_wconf 81' lang='lat' dir='ltr'>deeffe,</span> <span class='ocrx_word' id='word_1_117' title='bbox 1245 2029 1285 2107; x_wconf 92' lang='lat' dir='ltr'>ad</span> 
     </span>
     <span class='ocr_line' id='line_1_18' title="bbox 145 2139 1286 2250; baseline 0.001 -32"><span class='ocrx_word' id='word_1_118' title='bbox 145 2139 352 2220; x_wconf 79' lang='lat' dir='ltr'>necessaria</span> <span class='ocrx_word' id='word_1_119' title='bbox 375 2143 501 2250; x_wconf 91' lang='lat' dir='ltr'>magis</span> <span class='ocrx_word' id='word_1_120' title='bbox 521 2160 713 2250; x_wconf 90' lang='lat' dir='ltr'>tempora,</span> <span class='ocrx_word' id='word_1_121' title='bbox 736 2143 968 2222; x_wconf 90' lang='lat' dir='ltr'>Pontianam</span> <span class='ocrx_word' id='word_1_122' title='bbox 987 2143 1106 2222; x_wconf 88' lang='lat' dir='ltr'>credo</span> <span class='ocrx_word' id='word_1_123' title='bbox 1132 2143 1286 2222; x_wconf 88' lang='lat' dir='ltr'>alteram</span> 
     </span>
     <span class='ocr_line' id='line_1_19' title="bbox 146 2249 1287 2362; baseline 0.002 -32"><span class='ocrx_word' id='word_1_124' title='bbox 146 2252 458 2348; x_wconf 88' lang='lat' dir='ltr'>dimicationem,</span> <span class='ocrx_word' id='word_1_125' title='bbox 472 2253 567 2332; x_wconf 89' lang='lat' dir='ltr'>velis</span> <span class='ocrx_word' id='word_1_126' title='bbox 579 2249 711 2362; x_wconf 80' lang='lat' dir='ltr'>potiirs</span> <span class='ocrx_word' id='word_1_127' title='bbox 724 2253 937 2333; x_wconf 84' lang='lat' dir='ltr'>reservare:</span> <span class='ocrx_word' id='word_1_128' title='bbox 965 2282 1128 2335; x_wconf 88' lang='lat' dir='ltr'>mecum</span> <span class='ocrx_word' id='word_1_129' title='bbox 1141 2253 1287 2334; x_wconf 84' lang='lat' dir='ltr'>nevelis</span> 
     </span>
     <span class='ocr_line' id='line_1_20' title="bbox 145 2363 1286 2477; baseline 0.002 -35"><span class='ocrx_word' id='word_1_130' title='bbox 145 2363 184 2442; x_wconf 90' lang='lat' dir='ltr'>in</span> <span class='ocrx_word' id='word_1_131' title='bbox 214 2393 367 2444; x_wconf 86' lang='lat' dir='ltr'>arenam</span> <span class='ocrx_word' id='word_1_132' title='bbox 397 2363 616 2470; x_wconf 82' lang='lat' dir='ltr'>descendere.</span> <span class='ocrx_word' id='word_1_133' title='bbox 686 2365 762 2445; x_wconf 90' lang='lat' dir='ltr'>Sed</span> <span class='ocrx_word' id='word_1_134' title='bbox 793 2367 963 2476; x_wconf 91' lang='lat' dir='ltr'>perdunt</span> <span class='ocrx_word' id='word_1_135' title='bbox 991 2365 1101 2446; x_wconf 89' lang='lat' dir='ltr'>suam</span> <span class='ocrx_word' id='word_1_136' title='bbox 1135 2392 1286 2477; x_wconf 89' lang='lat' dir='ltr'>operam</span> 
     </span>
     <span class='ocr_line' id='line_1_21' title="bbox 145 2477 1285 2587; baseline 0.004 -35"><span class='ocrx_word' id='word_1_137' title='bbox 145 2477 265 2554; x_wconf 89' lang='lat' dir='ltr'>amici</span> <span class='ocrx_word' id='word_1_138' title='bbox 290 2477 557 2573; x_wconf 86' lang='lat' dir='ltr'>verbosrffimi,</span> <span class='ocrx_word' id='word_1_139' title='bbox 588 2478 653 2556; x_wconf 96' lang='lat' dir='ltr'>sua</span> <span class='ocrx_word' id='word_1_140' title='bbox 683 2478 833 2559; x_wconf 91' lang='lat' dir='ltr'>monita</span> <span class='ocrx_word' id='word_1_141' title='bbox 863 2478 1058 2587; x_wconf 87' lang='lat' dir='ltr'>praeclara,</span> <span class='ocrx_word' id='word_1_142' title='bbox 1095 2497 1156 2560; x_wconf 90' lang='lat' dir='ltr'>tot</span> <span class='ocrx_word' id='word_1_143' title='bbox 1184 2496 1285 2558; x_wconf 83' lang='lat' dir='ltr'>curta</span> 
     </span>
     <span class='ocr_line' id='line_1_22' title="bbox 144 2588 1285 2701; baseline 0.002 -35"><span class='ocrx_word' id='word_1_144' title='bbox 144 2588 296 2694; x_wconf 88' lang='lat' dir='ltr'>adagia,</span> <span class='ocrx_word' id='word_1_145' title='bbox 319 2590 525 2670; x_wconf 90' lang='lat' dir='ltr'>triviorum</span> <span class='ocrx_word' id='word_1_146' title='bbox 545 2589 731 2697; x_wconf 91' lang='lat' dir='ltr'>symbola,</span> <span class='ocrx_word' id='word_1_147' title='bbox 748 2590 883 2670; x_wconf 88' lang='lat' dir='ltr'>oleum</span> <span class='ocrx_word' id='word_1_148' title='bbox 903 2619 1047 2701; x_wconf 89' lang='lat' dir='ltr'>nempe</span> <span class='ocrx_word' id='word_1_149' title='bbox 1068 2610 1185 2671; x_wconf 91' lang='lat' dir='ltr'>tuum</span> <span class='ocrx_word' id='word_1_150' title='bbox 1202 2593 1285 2671; x_wconf 91' lang='lat' dir='ltr'>Bat-</span> 
     </span>
     <span class='ocr_line' id='line_1_23' title="bbox 145 2700 1284 2813; baseline 0.004 -36"><span class='ocrx_word' id='word_1_151' title='bbox 145 2700 300 2806; x_wconf 86' lang='lat' dir='ltr'>tologiae</span> <span class='ocrx_word' id='word_1_152' title='bbox 317 2700 528 2809; x_wconf 83' lang='lat' dir='ltr'>professor:</span> <span class='ocrx_word' id='word_1_153' title='bbox 559 2703 636 2782; x_wconf 93' lang='lat' dir='ltr'>illis</span> <span class='ocrx_word' id='word_1_154' title='bbox 656 2700 886 2811; x_wconf 88' lang='lat' dir='ltr'>posthabitis</span> <span class='ocrx_word' id='word_1_155' title='bbox 906 2732 971 2783; x_wconf 91' lang='lat' dir='ltr'>me</span> <span class='ocrx_word' id='word_1_156' title='bbox 992 2704 1126 2813; x_wconf 91' lang='lat' dir='ltr'>potius</span> <span class='ocrx_word' id='word_1_157' title='bbox 1147 2703 1234 2784; x_wconf 94' lang='lat' dir='ltr'>usus</span> <span class='ocrx_word' id='word_1_158' title='bbox 1251 2729 1284 2781; x_wconf 85' lang='lat' dir='ltr'>es</span> 
     </span>
     <span class='ocr_line' id='line_1_24' title="bbox 143 2812 1284 2923; baseline 0.004 -34"><span class='ocrx_word' id='word_1_159' title='bbox 143 2812 362 2892; x_wconf 90' lang='lat' dir='ltr'>consultore</span> <span class='ocrx_word' id='word_1_160' title='bbox 383 2814 610 2908; x_wconf 89' lang='lat' dir='ltr'>adversario,</span> <span class='ocrx_word' id='word_1_161' title='bbox 632 2834 677 2893; x_wconf 91' lang='lat' dir='ltr'>ut</span> <span class='ocrx_word' id='word_1_162' title='bbox 691 2815 938 2923; x_wconf 88' lang='lat' dir='ltr'>responderes</span> <span class='ocrx_word' id='word_1_163' title='bbox 950 2843 1044 2896; x_wconf 90' lang='lat' dir='ltr'>cum</span> <span class='ocrx_word' id='word_1_164' title='bbox 1063 2835 1135 2896; x_wconf 92' lang='lat' dir='ltr'>tuo</span> <span class='ocrx_word' id='word_1_165' title='bbox 1150 2842 1284 2923; x_wconf 91' lang='lat' dir='ltr'>magno</span> 
     </span>
     <span class='ocr_line' id='line_1_25' title="bbox 145 2925 1324 3034; baseline 0.011 -32"><span class='ocrx_word' id='word_1_166' title='bbox 145 2925 264 3005; x_wconf 89' lang='lat' dir='ltr'>malo.</span> <span class='ocrx_word' id='word_1_167' title='bbox 327 2927 369 3006; x_wconf 93' lang='lat' dir='ltr'>N</span> <span class='ocrx_word' id='word_1_168' title='bbox 374 2954 424 3005; x_wconf 92' lang='lat' dir='ltr'>on</span> <span class='ocrx_word' id='word_1_169' title='bbox 444 2946 489 3005; x_wconf 93' lang='lat' dir='ltr'>ut</span> <span class='ocrx_word' id='word_1_170' title='bbox 504 2945 610 3007; x_wconf 87' lang='lat' dir='ltr'>tuum</span> <span class='ocrx_word' id='word_1_171' title='bbox 630 2954 705 3033; x_wconf 90' lang='lat' dir='ltr'>ego</span> <span class='ocrx_word' id='word_1_172' title='bbox 711 2928 903 3032; x_wconf 81' lang='lat' dir='ltr'>stlentium</span> <span class='ocrx_word' id='word_1_173' title='bbox 922 2930 960 3008; x_wconf 89' lang='lat' dir='ltr'>in</span> <span class='ocrx_word' id='word_1_174' title='bbox 979 2928 1231 3034; x_wconf 70' lang='lat' dir='ltr'>conscientiam</span> <span class='ocrx_word' id='word_1_175' title='bbox 1248 2955 1285 3006; x_wconf 90' lang='lat' dir='ltr'>ne</span> <span class='ocrx_word' id='word_1_176' title='bbox 1322 3008 1324 3015; x_wconf 91' lang='lat'><em>.</em></span> 
     </span>
     <span class='ocr_line' id='line_1_26' title="bbox 143 3030 1324 3149; baseline 0.001 -34"><span class='ocrx_word' id='word_1_177' title='bbox 143 3055 342 3131; x_wconf 87' lang='lat' dir='ltr'>verterem,</span> <span class='ocrx_word' id='word_1_178' title='bbox 364 3038 428 3118; x_wconf 92' lang='lat' dir='ltr'>sed</span> <span class='ocrx_word' id='word_1_179' title='bbox 448 3059 492 3119; x_wconf 94' lang='lat' dir='ltr'>ut</span> <span class='ocrx_word' id='word_1_180' title='bbox 511 3039 789 3119; x_wconf 91' lang='lat' dir='ltr'>conscientiam</span> <span class='ocrx_word' id='word_1_181' title='bbox 809 3058 918 3119; x_wconf 90' lang='lat' dir='ltr'>tuam</span> <span class='ocrx_word' id='word_1_182' title='bbox 938 3040 1020 3133; x_wconf 92' lang='lat' dir='ltr'>suo,</span> <span class='ocrx_word' id='word_1_183' title='bbox 1037 3041 1146 3149; x_wconf 92' lang='lat' dir='ltr'>quod</span> <span class='ocrx_word' id='word_1_184' title='bbox 1166 3058 1281 3149; x_wconf 89' lang='lat' dir='ltr'>optat,</span> <span class='ocrx_word' id='word_1_185' title='bbox 1322 3030 1324 3045; x_wconf 83' lang='lat'>&#39;</span> 
     </span>
     <span class='ocr_line' id='line_1_27' title="bbox 144 3146 1283 3260; baseline 0.002 -35"><span class='ocrx_word' id='word_1_186' title='bbox 144 3148 295 3229; x_wconf 73' lang='lat' dir='ltr'>silentio</span> <span class='ocrx_word' id='word_1_187' title='bbox 314 3150 393 3230; x_wconf 90' lang='lat' dir='ltr'>frui</span> <span class='ocrx_word' id='word_1_188' title='bbox 413 3179 461 3230; x_wconf 92' lang='lat' dir='ltr'>ne</span> <span class='ocrx_word' id='word_1_189' title='bbox 483 3152 661 3231; x_wconf 89' lang='lat' dir='ltr'>smerem.</span> <span class='ocrx_word' id='word_1_190' title='bbox 723 3153 834 3232; x_wconf 90' lang='lat' dir='ltr'>Nam</span> <span class='ocrx_word' id='word_1_191' title='bbox 861 3146 1063 3246; x_wconf 88' lang='lat' dir='ltr'>attendite,</span> <span class='ocrx_word' id='word_1_192' title='bbox 1083 3152 1224 3260; x_wconf 85' lang='lat' dir='ltr'>quaeso,</span> <span class='ocrx_word' id='word_1_193' title='bbox 1251 3170 1283 3229; x_wconf 90' lang='lat' dir='ltr'>et</span> 
     </span>
     <span class='ocr_line' id='line_1_28' title="bbox 143 3260 1281 3373; baseline 0.003 -35"><span class='ocrx_word' id='word_1_194' title='bbox 143 3262 364 3368; x_wconf 85' lang='lat' dir='ltr'>cognoscite</span> <span class='ocrx_word' id='word_1_195' title='bbox 385 3291 503 3357; x_wconf 91' lang='lat' dir='ltr'>nunc,</span> <span class='ocrx_word' id='word_1_196' title='bbox 526 3264 553 3343; x_wconf 90' lang='lat' dir='ltr'>sr</span> <span class='ocrx_word' id='word_1_197' title='bbox 568 3291 744 3372; x_wconf 89' lang='lat' dir='ltr'>unquam</span> <span class='ocrx_word' id='word_1_198' title='bbox 760 3260 866 3361; x_wconf 73' lang='lat' dir='ltr'>aliis,</span> <span class='ocrx_word' id='word_1_199' title='bbox 887 3261 1137 3373; x_wconf 89' lang='lat' dir='ltr'>hypocritam</span> <span class='ocrx_word' id='word_1_200' title='bbox 1153 3290 1281 3344; x_wconf 88' lang='lat' dir='ltr'>nume-</span> 
     </span>
     <span class='ocr_line' id='line_1_29' title="bbox 143 3374 1279 3485; baseline 0.002 -35"><span class='ocrx_word' id='word_1_201' title='bbox 143 3374 194 3452; x_wconf 89' lang='lat' dir='ltr'>ris</span> <span class='ocrx_word' id='word_1_202' title='bbox 209 3376 393 3454; x_wconf 87' lang='lat' dir='ltr'>omnibus</span> <span class='ocrx_word' id='word_1_203' title='bbox 407 3375 642 3455; x_wconf 90' lang='lat' dir='ltr'>absolutum.</span> <span class='ocrx_word' id='word_1_204' title='bbox 679 3376 800 3454; x_wconf 92' lang='lat' dir='ltr'>Videt</span> <span class='ocrx_word' id='word_1_205' title='bbox 812 3375 959 3454; x_wconf 83' lang='lat' dir='ltr'>necesse</span> <span class='ocrx_word' id='word_1_206' title='bbox 972 3376 1040 3456; x_wconf 87' lang='lat' dir='ltr'>fibi</span> <span class='ocrx_word' id='word_1_207' title='bbox 1056 3376 1131 3456; x_wconf 77' lang='lat' dir='ltr'>esse</span> <span class='ocrx_word' id='word_1_208' title='bbox 1145 3375 1279 3485; x_wconf 89' lang='lat' dir='ltr'>aliquid</span> 
     </span>
     <span class='ocr_line' id='line_1_30' title="bbox 142 3484 1279 3596; baseline 0.001 -33"><span class='ocrx_word' id='word_1_209' title='bbox 142 3512 215 3592; x_wconf 90' lang='lat' dir='ltr'>pro</span> <span class='ocrx_word' id='word_1_210' title='bbox 231 3484 267 3564; x_wconf 93' lang='lat' dir='ltr'>se</span> <span class='ocrx_word' id='word_1_211' title='bbox 282 3487 411 3565; x_wconf 90' lang='lat' dir='ltr'>dicere</span> <span class='ocrx_word' id='word_1_212' title='bbox 426 3519 436 3581; x_wconf 90' lang='lat'>;</span> <span class='ocrx_word' id='word_1_213' title='bbox 468 3488 505 3567; x_wconf 91' lang='lat' dir='ltr'>se</span> <span class='ocrx_word' id='word_1_214' title='bbox 522 3489 710 3581; x_wconf 91' lang='lat' dir='ltr'>intuetur,</span> <span class='ocrx_word' id='word_1_215' title='bbox 725 3489 906 3596; x_wconf 90' lang='lat' dir='ltr'>quamvis</span> <span class='ocrx_word' id='word_1_216' title='bbox 926 3490 1096 3583; x_wconf 89' lang='lat' dir='ltr'>invitus;</span> <span class='ocrx_word' id='word_1_217' title='bbox 1129 3488 1279 3570; x_wconf 89' lang='lat' dir='ltr'>videtin</span> 
     </span>
    </p>
   </div>
   <div class='ocr_carea' id='block_1_3' title="bbox 143 3598 1277 3710">
    <p class='ocr_par' dir='ltr' id='par_1_3' title="bbox 143 3598 1277 3710">
     <span class='ocr_line' id='line_1_31' title="bbox 143 3598 1277 3710; baseline 0.004 -37"><span class='ocrx_word' id='word_1_218' title='bbox 143 3598 249 3705; x_wconf 87' lang='lat' dir='ltr'>turpi</span> <span class='ocrx_word' id='word_1_219' title='bbox 270 3618 406 3705; x_wconf 88' lang='lat' dir='ltr'>praeter</span> <span class='ocrx_word' id='word_1_220' title='bbox 425 3619 538 3709; x_wconf 90' lang='lat' dir='ltr'>turpe</span> <span class='ocrx_word' id='word_1_221' title='bbox 558 3599 658 3679; x_wconf 92' lang='lat' dir='ltr'>nihil</span> <span class='ocrx_word' id='word_1_222' title='bbox 679 3600 752 3679; x_wconf 83' lang='lat' dir='ltr'>esse</span> <span class='ocrx_word' id='word_1_223' title='bbox 773 3600 880 3708; x_wconf 91' lang='lat' dir='ltr'>quod</span> <span class='ocrx_word' id='word_1_224' title='bbox 901 3602 1015 3708; x_wconf 86' lang='lat' dir='ltr'>poffit</span> <span class='ocrx_word' id='word_1_225' title='bbox 1041 3600 1277 3710; x_wconf 89' lang='lat' dir='ltr'>responderi;</span> 
     </span>
    </p>
   </div>
   <div class='ocr_carea' id='block_1_4' title="bbox 139 3707 1324 4486">
    <p class='ocr_par' dir='ltr' id='par_1_4' title="bbox 139 3707 1324 4486">
     <span class='ocr_line' id='line_1_32' title="bbox 142 3707 1279 3821; baseline 0.004 -37"><span class='ocrx_word' id='word_1_226' title='bbox 142 3707 439 3816; x_wconf 73' lang='lat' dir='ltr'>circumspectat</span> <span class='ocrx_word' id='word_1_227' title='bbox 451 3713 594 3820; x_wconf 91' lang='lat' dir='ltr'>ecquid</span> <span class='ocrx_word' id='word_1_228' title='bbox 610 3711 703 3792; x_wconf 92' lang='lat' dir='ltr'>soris</span> <span class='ocrx_word' id='word_1_229' title='bbox 721 3710 843 3821; x_wconf 70' lang='lat' dir='ltr'>prope</span> <span class='ocrx_word' id='word_1_230' title='bbox 860 3710 896 3790; x_wconf 92' lang='lat' dir='ltr'>se</span> <span class='ocrx_word' id='word_1_231' title='bbox 909 3711 1054 3820; x_wconf 85' lang='lat' dir='ltr'>refugii</span> <span class='ocrx_word' id='word_1_232' title='bbox 1074 3714 1134 3807; x_wconf 83' lang='lat' dir='ltr'>fit,</span> <span class='ocrx_word' id='word_1_233' title='bbox 1150 3708 1279 3819; x_wconf 89' lang='lat' dir='ltr'>ecquid</span> 
     </span>
     <span class='ocr_line' id='line_1_33' title="bbox 142 3819 1277 3934; baseline 0.014 -38"><span class='ocrx_word' id='word_1_234' title='bbox 142 3819 373 3899; x_wconf 92' lang='lat' dir='ltr'>adminiculi</span> <span class='ocrx_word' id='word_1_235' title='bbox 390 3851 470 3930; x_wconf 94' lang='lat' dir='ltr'>quo</span> <span class='ocrx_word' id='word_1_236' title='bbox 494 3825 608 3904; x_wconf 91' lang='lat' dir='ltr'>inniti</span> <span class='ocrx_word' id='word_1_237' title='bbox 637 3825 776 3932; x_wconf 88' lang='lat' dir='ltr'>poffit;</span> <span class='ocrx_word' id='word_1_238' title='bbox 808 3826 951 3931; x_wconf 90' lang='lat' dir='ltr'>ecquid</span> <span class='ocrx_word' id='word_1_239' title='bbox 975 3854 1055 3934; x_wconf 93' lang='lat' dir='ltr'>quo</span> <span class='ocrx_word' id='word_1_240' title='bbox 1086 3825 1123 3904; x_wconf 91' lang='lat' dir='ltr'>se</span> <span class='ocrx_word' id='word_1_241' title='bbox 1144 3846 1277 3933; x_wconf 70' lang='lat' dir='ltr'>tegere,</span> 
     </span>
     <span class='ocr_line' id='line_1_34' title="bbox 141 3929 1278 4044; baseline 0.005 -36"><span class='ocrx_word' id='word_1_242' title='bbox 141 3929 209 4010; x_wconf 94' lang='lat' dir='ltr'>sub</span> <span class='ocrx_word' id='word_1_243' title='bbox 225 3956 305 4039; x_wconf 90' lang='lat' dir='ltr'>quo</span> <span class='ocrx_word' id='word_1_244' title='bbox 320 3933 471 4014; x_wconf 90' lang='lat' dir='ltr'>latitare</span> <span class='ocrx_word' id='word_1_245' title='bbox 486 3968 496 4029; x_wconf 92' lang='lat'>;</span> <span class='ocrx_word' id='word_1_246' title='bbox 528 3964 673 4044; x_wconf 89' lang='lat' dir='ltr'>ecquos</span> <span class='ocrx_word' id='word_1_247' title='bbox 688 3937 728 4014; x_wconf 95' lang='lat' dir='ltr'>in</span> <span class='ocrx_word' id='word_1_248' title='bbox 744 3936 970 4016; x_wconf 90' lang='lat' dir='ltr'>societatem</span> <span class='ocrx_word' id='word_1_249' title='bbox 986 3958 1025 4018; x_wconf 90' lang='lat' dir='ltr'>et</span> <span class='ocrx_word' id='word_1_250' title='bbox 1038 3938 1278 4018; x_wconf 88' lang='lat' dir='ltr'>commuuio·</span> 
     </span>
     <span class='ocr_line' id='line_1_35' title="bbox 142 4042 1278 4160; baseline 0.002 -39"><span class='ocrx_word' id='word_1_251' title='bbox 142 4070 234 4122; x_wconf 90' lang='lat' dir='ltr'>nem</span> <span class='ocrx_word' id='word_1_252' title='bbox 254 4042 444 4125; x_wconf 90' lang='lat' dir='ltr'>scelerum</span> <span class='ocrx_word' id='word_1_253' title='bbox 465 4048 622 4128; x_wconf 89' lang='lat' dir='ltr'>suorum</span> <span class='ocrx_word' id='word_1_254' title='bbox 643 4049 758 4158; x_wconf 87' lang='lat' dir='ltr'>poffit</span> <span class='ocrx_word' id='word_1_255' title='bbox 776 4046 984 4143; x_wconf 89' lang='lat' dir='ltr'>attrahere,</span> <span class='ocrx_word' id='word_1_256' title='bbox 996 4079 1167 4160; x_wconf 89' lang='lat' dir='ltr'>ecquem</span> <span class='ocrx_word' id='word_1_257' title='bbox 1186 4047 1278 4131; x_wconf 90' lang='lat' dir='ltr'>ordi·</span> 
     </span>
     <span class='ocr_line' id='line_1_36' title="bbox 141 4156 1324 4270; baseline 0.003 -36"><span class='ocrx_word' id='word_1_258' title='bbox 141 4183 234 4235; x_wconf 91' lang='lat' dir='ltr'>nem</span> <span class='ocrx_word' id='word_1_259' title='bbox 267 4176 334 4236; x_wconf 91' lang='lat' dir='ltr'>aut</span> <span class='ocrx_word' id='word_1_260' title='bbox 366 4187 489 4266; x_wconf 91' lang='lat' dir='ltr'>genus</span> <span class='ocrx_word' id='word_1_261' title='bbox 524 4159 736 4240; x_wconf 91' lang='lat' dir='ltr'>hominum</span> <span class='ocrx_word' id='word_1_262' title='bbox 769 4160 844 4241; x_wconf 93' lang='lat' dir='ltr'>suis</span> <span class='ocrx_word' id='word_1_263' title='bbox 880 4163 1040 4270; x_wconf 90' lang='lat' dir='ltr'>privatis</span> <span class='ocrx_word' id='word_1_264' title='bbox 1075 4162 1278 4255; x_wconf 85' lang='lat' dir='ltr'>rationibus</span> <span class='ocrx_word' id='word_1_265' title='bbox 1319 4156 1324 4179; x_wconf 76' lang='lat'><strong>⁴</strong></span> 
     </span>
     <span class='ocr_line' id='line_1_37' title="bbox 140 4268 1279 4381; baseline 0.004 -37"><span class='ocrx_word' id='word_1_266' title='bbox 140 4268 308 4376; x_wconf 88' lang='lat' dir='ltr'>illigare,</span> <span class='ocrx_word' id='word_1_267' title='bbox 324 4291 366 4349; x_wconf 92' lang='lat' dir='ltr'>ut</span> <span class='ocrx_word' id='word_1_268' title='bbox 385 4273 539 4352; x_wconf 92' lang='lat' dir='ltr'>causam</span> <span class='ocrx_word' id='word_1_269' title='bbox 559 4274 667 4352; x_wconf 92' lang='lat' dir='ltr'>suam</span> <span class='ocrx_word' id='word_1_270' title='bbox 684 4274 790 4381; x_wconf 91' lang='lat' dir='ltr'>quas1</span> <span class='ocrx_word' id='word_1_271' title='bbox 804 4302 1063 4355; x_wconf 89' lang='lat' dir='ltr'>communem</span> <span class='ocrx_word' id='word_1_272' title='bbox 1083 4270 1279 4355; x_wconf 89' lang='lat' dir='ltr'>communi</span> 
     </span>
     <span class='ocr_line' id='line_1_38' title="bbox 139 4381 1279 4486; baseline 0.002 -27"><span class='ocrx_word' id='word_1_273' title='bbox 139 4381 316 4486; x_wconf 90' lang='lat' dir='ltr'>periculo</span> <span class='ocrx_word' id='word_1_274' title='bbox 336 4402 376 4461; x_wconf 88' lang='lat' dir='ltr'>et</span> <span class='ocrx_word' id='word_1_275' title='bbox 399 4385 568 4467; x_wconf 92' lang='lat' dir='ltr'>aliorum</span> <span class='ocrx_word' id='word_1_276' title='bbox 591 4386 879 4466; x_wconf 85' lang='lat' dir='ltr'>existimatione</span> <span class='ocrx_word' id='word_1_277' title='bbox 907 4385 1160 4484; x_wconf 87' lang='lat' dir='ltr'>defenderet;</span> <span class='ocrx_word' id='word_1_278' title='bbox 1191 4382 1279 4468; x_wconf 92' lang='lat' dir='ltr'>nihil</span> 
     </span>
    </p>
   </div>
   <div class='ocr_carea' id='block_1_5' title="bbox 0 0 1448 5204">
    <p class='ocr_par' dir='ltr' id='par_1_5' title="bbox 0 0 1448 5204">
     <span class='ocr_line' id='line_1_39' title="bbox 0 0 1448 5204; baseline 0 2"><span class='ocrx_word' id='word_1_279' title='bbox 0 0 1448 5204; x_wconf 95' lang='lat' dir='ltr'> </span> 
     </span>
    </p>
   </div>
  </div>
 </body>
</html>
