2888 5204
310 571 490 668 Contra
514 569 841 668 Alexandrum
865 575 1073 671 Morum.
1186 612 1263 695 353

124 745 373 883 pulmentum
385 767 531 856 aegroto
546 748 618 828 tibi
637 746 715 829 hoc
729 748 843 830 effet:
833 768 1000 830 ·contra
1015 749 1082 830 illa
1096 750 1267 830 convitia

124 885 215 939 um
227 886 303 967 ego
314 887 394 954 me,
408 880 452 940 ut
464 879 663 970 paratque
676 887 833 968 aequum
848 862 919 955 est,
935 860 1158 955 defendam,
1172 879 1266 940 tunc
1354 940 1357 945 ,

124 989 236 1051 tuum
259 971 358 1051 illud
379 972 484 1052 triste
509 992 549 1051 et
570 972 872 1101 querebundum
897 972 1025 1053 rursus
1043 974 1265 1067 audiemus,

124 1084 226 1188 Lege
244 1100 281 1161 et
299 1084 410 1191 luge3
434 1102 474 1163 et
492 1084 553 1162 illi
572 1083 649 1164 Dii
663 1083 749 1163 boni
765 1085 823 1163 tui
843 1101 936 1163 tunc
956 1084 1083 1165 rursus
1108 1082 1265 1164 fortasse

124 1193 448 1303 irnplorabuntur.
507 1196 583 1275 Sed
602 1194 681 1288 dic,
698 1193 837 1303 quaeso,
859 1197 1109 1277 sacrosanoae
1128 1195 1264 1276 Theo-

124 1305 234 1413 iogiae
253 1307 419 1400 Doctor,
452 1335 550 1415 quos
573 1325 617 1386 tu
639 1306 732 1387 deos
757 1305 879 1386 bonos
902 1309 1026 1388 colis?
1056 1336 1192 1388 vereor
1216 1335 1264 1387 ne

124 1415 440 1498 Catechumenus
456 1416 521 1498 hic
534 1414 679 1527 potibs,
699 1446 819 1526 quam
837 1419 988 1499 Dooor
1000 1420 1188 1500 dicendus
1203 1419 1263 1499 fis

124 1529 281 1609 Docent
300 1528 410 1609 sacrae
429 1530 548 1609 literae
566 1556 691 1608 unum
707 1529 780 1609 effe
796 1529 946 1610 bonum
967 1532 1118 1610 Deum.
1168 1531 1266 1610 Tibi

124 1638 147 1719 [i
168 1640 243 1721 Dii
259 1640 353 1721 boni
372 1641 473 1734 sunt,
494 1641 569 1720 erit
585 1640 748 1721 fortaffis
767 1660 807 1720 et
825 1640 927 1720 bona
947 1643 1060 1736 Dea;
1092 1642 1201 1747 cujus
1222 1661 1265 1722 tu

124 1752 304 1833 Sacerdos
316 1771 355 1833 et
367 1751 902 1860 MystagogusCorybantem
915 1754 956 1831 in
971 1781 1036 1833 me
1052 1781 1157 1834 nunc
1168 1755 1265 1861 agis.

124 1864 212 1971 Ego
238 1892 325 1972 quae
347 1864 388 1943 in
408 1864 576 1945 Morum
604 1864 733 1957 attuli,
762 1892 988 1973 quanquam
1015 1884 1057 1944 tu
1071 1866 1148 1974 fa
1129 1866 1267 1971 stfflma

124 1973 187 2085 ff
205 1977 449 2086 praefidenter
467 1976 651 2068 affirmas,
672 1975 797 2055 sciunt
816 1977 876 2056 illi
894 1976 968 2056 effe
988 2005 1092 2072 vera,
1114 1980 1184 2086 qui
1204 2006 1266 2057 re-

124 2086 196 2169 bus
227 2088 413 2168 omnibus
451 2087 677 2180 interfuere,
716 2085 865 2195 quique
903 2087 1059 2168 nullum
1098 2089 1268 2170 Genevae

124 2199 360 2281 crantzium
373 2227 420 2279 eo
436 2217 614 2307 tempore
627 2217 911 2306 cognoverunt.
970 2201 1063 2280 Hoc
1082 2200 1169 2282 sane
1189 2202 1267 2279 mi-

124 2328 229 2391 retur
259 2311 385 2419 quis
373 2338 454 2392 ram
484 2312 513 2390 fi
540 2309 620 2392 haec
640 2311 752 2391 Mori
782 2310 876 2390 fides
900 2309 1059 2420 publica
1085 2313 1155 2405 est,
1186 2340 1267 2420 quo

124 2426 252 2532 pacto,
271 2341 399 2531 qudie
418 2423 579 2503 nomine
600 2441 666 2502 tua
685 2422 754 2502 ista
773 2423 922 2531 privata
942 2422 1036 2501 fides
1056 2420 1135 2503 huc
1155 2424 1268 2503 nobis

124 2561 174 2615 err
192 2533 428 2641 grabatulo
416 2562 458 2613 ιιι
474 2533 743 2643 praefationem
760 2534 922 2643 irrepfit
954 2535 1146 2641 Iniquitas
1161 2533 1267 2614 εειιὲ

124 2645 162 2725 ἰιι
182 2674 248 2725 me
268 2665 335 2726 tua
353 2646 475 2726 fidem
497 2646 546 2725 de
570 2646 640 2725 illo
664 2673 785 2753 quam
809 2644 967 2725 infercis
990 2642 1059 2725 hic
1087 2665 1196 2725 tuam
1225 2647 1265 2724 in

124 2757 290 2837 dubium
319 2776 446 2852 vocat,
473 2757 542 2865 qui
570 2786 636 2836 me
664 2756 831 2849 accusas,
862 2756 1014 2863 qubd
997 2758 1180 2837 annocenti
1213 2787 1268 2837 eno

124 2865 365 2979 Typograplro
377 2887 538 2997 parcere
556 2898 625 2948 non
638 2869 842 2976 potuerim.
870 2871 979 2976 Ergo
996 2870 1184 2964 Ulaccus,
1197 2871 1268 2978 qui

124 3009 189 3061 me
205 2981 275 3062 fibi
294 2980 478 3090 prorsus
467 3001 650 3088 ignotum
669 2980 989 3109 petulauntiffimis
998 2982 1179 3061 convitiis
1197 2983 1268 3061 ad-

124 3092 265 3203 scripto
295 3095 456 3174 nomine
480 3091 612 3221 palam
636 3094 841 3202 appetivit,
868 3090 940 3171 tibi
972 3092 1156 3173 innocenti
1187 3093 1271 3173 'enus

124 3203 191 3286 est.
249 3206 360 3285 Audi
379 3231 473 3312 ergo
493 3206 653 3296 iterum,
674 3201 900 3311 Theologe,
917 3205 983 3283 cui
1003 3222 1046 3283 tu
1066 3204 1176 3284 sacrae
1195 3203 1268 3283 sci-

124 3318 236 3397 entiae
251 3318 318 3397 vix
338 3318 512 3397 initiatus
524 3314 626 3395 mihi
638 3316 794 3408 videris,
811 3316 903 3395 audi
918 3342 1039 3422 quam
1053 3335 1092 3394 te
1107 3312 1268 3422 tuosque

124 3455 252 3509 mores
276 3427 500 3535 Theologia
533 3428 635 3507 sacra
665 3447 705 3507 et
731 3426 1027 3536 sapientiffimus
1055 3446 1269 3535 praeceptor

124 3539 338 3621 dedoceat·
371 3542 456 3650 Qr
468 3538 629 3619 absolvit
641 3539 885 3649 improbum
902 3556 941 3617 et
953 3567 1024 3647 qur
1012 3539 1271 3617 condemnat

124 3652 284 3756 iustum,
301 3650 585 3732 abominationi
604 3648 764 3755 Jehovae
783 3649 870 3729 sunt
889 3678 999 3756 aeque
981 3649 1150 3728 ambo.
1187 3650 1270 3729 Ve-

124 3792 216 3844 ιιιιιι
232 3761 336 3844 haud
357 3763 435 3843 scio
454 3780 588 3842 utrum
608 3763 649 3840 in
668 3789 734 3841 me
754 3791 804 3841 ex
825 3763 961 3868 ignoto
980 3759 1130 3840 fastum
1148 3758 1270 3840 modb

124 3876 333 3955 inimicum
353 3875 540 3982 iniquior,
561 3900 610 3952 an
630 3875 671 3952 in
691 3874 865 3953 amicum
886 3872 1046 3982 ipsum
1034 3872 1204 3982 rneptior
1224 3872 1270 3952 fis

124 3987 316 4068 Morum:
346 3986 408 4092 cuj
412 4015 456 4065 us
490 3983 711 4093 praedicatas
739 3986 901 4064 virtutes
928 4002 986 4064 tot
1016 3985 1122 4064 vitiis
1148 3984 1270 4063 inter-

124 4102 348 4209 pundtas,et
363 4126 485 4208 prope
467 4095 665 4176 alternas
681 4097 908 4190 introducis,
922 4114 965 4176 ut
981 4123 1060 4175 non
1074 4113 1271 4190 ornatum,
1392 4158 1394 4161 -

124 4210 185 4291 sed
206 4211 371 4292 maculis
393 4208 667 4290 tantummodo
685 4209 891 4302 variatum,
912 4234 989 4287 non
1006 4208 1189 4300 Morum,
1208 4206 1272 4286 sed

123 4323 346 4404 morionem
362 4320 542 4402 dimisisse
563 4320 629 4400 abs
649 4320 726 4400 tuis
746 4320 925 4400 laudibus
941 4318 1119 4400 videaris.
1180 4320 1271 4398 Pic-

124 4454 184 4516 tor
204 4432 292 4515 sanb
319 4434 490 4514 eximius
515 4433 688 4560 primam
715 4431 839 4512 laudis
865 4433 1011 4511 lineam
1038 4458 1134 4511 cum
1155 4431 1272 4509 litura

124 4547 257 4627 ducis·
246 4547 422 4656 ‚stmper
440 4573 595 4653 magnas
611 4542 823 4624 inimicitias
835 4543 1004 4624 exercuit
1021 4571 1104 4622 curn
1115 4541 1270 4621 aemule's.

124 4658 282 4739 Vitium
301 4686 445 4751 narras,
467 4657 680 4749 Crantzi,
669 4683 709 4734 ιιι
730 4657 906 4735 ministro
925 4653 1124 4782 'evangelii
1138 4681 1273 4780 quam

124 4769 289 4853 ιιιιιιιιιιὲ
302 4769 567 4862 tolerandum
585 4764 846 4878 prasertim
808 4795 902 4848 cum
916 4796 961 4845 ns
972 4766 1175 4846 tnrmtertns
1188 4764 1272 4873 ipſs

177 4909 206 4986 4
684 4905 713 4957 A
736 4907 765 4958 a
