2888 5204
140 582 189 690 38
423 571 515 665 Pro
540 563 726 702 Populo
752 563 1019 697 Anglicano
1115 642 1125 667 -.

140 743 227 823 ierit
246 740 284 820 in
292 739 363 848 jus
380 760 548 823 vocatus.
594 741 661 821 Ad
674 741 772 821 illud
784 739 991 821 Sichardus
1004 738 1110 820 haud
1126 738 1291 818 absurde

142 852 360 962 respondet,
386 855 547 963 perinde
570 854 659 947 effe,
679 882 724 933 ac
750 853 778 932 fi
803 854 890 959 quis
913 855 962 934 ad
989 851 1096 932 hunc
1123 850 1292 929 modum

142 965 351 1046 dissereret.
413 964 538 1044 Caesar
557 993 759 1073 nunquam
779 966 918 1045 citatus
937 965 994 1045 est
1013 990 1147 1043 coram
1171 963 1291 1041 Eiec-

144 1097 255 1171 tore;
295 1076 391 1184 ergo
422 1078 452 1174 fi*
485 1079 684 1157 Palatinus
712 1077 820 1157 diem
852 1077 991 1157 Caesari
1021 1075 1181 1168 dixerit,
1213 1102 1293 1154 non

144 1207 299 1269 tenetur
328 1189 451 1268 Caesar
481 1189 694 1295 injudicio
724 1188 965 1296 respondere.
1026 1190 1134 1267 Cum
1159 1205 1294 1266 tamen

144 1301 281 1380 doceat
309 1301 424 1380 Bulla
446 1328 561 1380 aurea
590 1300 723 1380 Carol.
746 1300 820 1379 IV.
842 1299 879 1378 se
902 1318 941 1380 et
960 1299 1186 1379 successores
1205 1297 1294 1378 suos

146 1410 240 1492 huic
260 1412 476 1520 cognitioni
496 1410 706 1517 subjecisse.
766 1410 877 1519 Qid
893 1412 934 1491 in
953 1429 1138 1519 corrupto
1154 1409 1295 1518 populi

147 1523 245 1602 statu
260 1525 417 1631 regibus
436 1521 533 1603 adet>
559 1523 759 1602 indultum
778 1521 889 1602 fuisse
905 1524 1121 1615 miramur,
1142 1521 1212 1601 ubi
1234 1540 1295 1601 tot

146 1636 287 1744 privati
318 1655 385 1715 aut
407 1634 549 1743 opibus
572 1634 648 1714 suis
675 1651 743 1714 aut
770 1634 893 1741 gratis
922 1633 1200 1744 impunitatem
1230 1633 1294 1712 vel

146 1746 461 1854 gravissimorum
491 1745 680 1826 scelerum
706 1744 970 1854 assequuntur.
1030 1745 1135 1824 Illud
1158 1762 1296 1824 autem

146 1855 373 1952 ἀνυπεύθυνον,
400 1858 532 1952 idest,
558 1857 583 1938 ci
606 1857 744 1938 nemine
762 1855 935 1967 pendere,
965 1857 1062 1937 nulli
1083 1856 1296 1937 mortalium

96 2007 100 2022 ν
147 1969 324 2048 rationem
347 1967 510 2063 reddere,
537 1971 645 2078 quod
665 1987 708 2049 tu
736 1970 851 2077 regiae
876 1967 1094 2074 Majestatis
1118 1967 1296 2047 maxime

147 2081 355 2189 proprium
366 2080 441 2160 eise
457 2081 526 2175 ais,
543 2080 771 2160 Aristoteles
788 2080 907 2165 Polit.
923 2105 964 2179 4.
980 2109 1015 2159 c.
1038 2108 1101 2159 10.
1119 2079 1297 2160 maxime

148 2193 411 2298 tyrannicum,
432 2211 472 2272 et
498 2192 539 2270 in
563 2192 684 2272 libera
709 2193 864 2272 natione
895 2190 1061 2271 minime
1087 2191 1297 2271 ferendum

147 2303 222 2382 effe
251 2304 432 2383 affirmat.
490 2303 558 2383 Tu
589 2302 682 2384 vero
715 2304 939 2385 Antonium
973 2321 1182 2410 tyrannum
1217 2303 1298 2382 im·

152 2416 434 2510 manissimum,
457 2417 646 2494 Romanae
665 2415 833 2523 reipubl.
855 2414 1086 2509 eversorem,
1107 2415 1298 2494 idoneum

150 2524 236 2605 sane
260 2525 467 2607 authorem
524 2525 694 2619 roducis‚
723 2553 801 2605 non
828 2527 903 2607 esse
923 2526 1075 2632 justum
1101 2524 1299 2635 reposcia

151 2638 262 2744 Rege
277 2637 470 2716 fastorum
483 2554 641 2717 diorum
655 2639 865 2718 rationem:
891 2656 1074 2718 ettamen
1089 2638 1297 2717 Herodem

149 2749 261 2827 caedis
282 2775 394 2827 reum
413 2747 461 2828 ad
476 2748 630 2828 causam
646 2749 854 2828 dicendam
875 2749 914 2827 in
936 2748 1099 2829 Parthos
1122 2747 1298 2858 proficis·

151 2886 241 2938 cens
271 2859 469 2939 accerfivit
492 2860 540 2940 ad
567 2859 603 2939 se
628 2862 851 2940 Antonius:
891 2878 931 2940 et
961 2861 1299 2940 animadversurus

151 2969 272 3049 etiam
301 2972 341 3049 in
371 2998 506 3079 regem
535 2970 646 3050 fuisse
675 2973 1051 3067 creditur,nis1rex
1080 3000 1299 3052 cumauro

151 3081 391 3190 corrupisset.
451 3083 511 3163 Ita
530 3081 578 3161 ab
598 3082 738 3163 eodem
758 3083 866 3163 fonte
887 3082 1076 3193 profluxit
1090 3083 1206 3191 regiae
1225 3111 1300 3194 po·

152 3192 295 3272 testatis
315 3194 539 3273 Antoniana
558 3192 724 3289 assertio,
742 3214 783 3274 et
802 3214 868 3274 tua
894 3197 1000 3301 regia
1020 3194 1182 3302 deffenfio.
1240 3197 1300 3274 At

151 3331 229 3383 non
250 3305 326 3383 fine
347 3305 509 3398 ratione,
530 3306 675 3413 inquis,
696 3336 781 3387 nam
799 3335 903 3413 reges
917 3306 965 3386 ab
984 3306 1055 3386 alio
1073 3336 1142 3386 non
1161 3305 1300 3387 habent

150 3413 246 3524 quod
268 3435 443 3522 regnant,
456 3415 532 3522 ſsd
540 3416 619 3521 soli
644 3419 727 3498 Deo
754 3436 943 3527 acceptum
971 3418 1156 3526 referunt.
1217 3418 1299 3500 Dic

153 3525 259 3606 sodes
282 3528 473 3635 quinam?
504 3554 595 3606 nam
622 3529 839 3610 istiusmodi
872 3557 981 3637 reges
1006 3528 1188 3610 exstitisse
1222 3558 1298 3610 un-

152 3667 286 3746 quam,
314 3667 430 3747 neg0.
491 3641 648 3720 Primus
673 3641 781 3719 enim
810 3641 916 3735 Saul,
940 3641 1010 3721 nifi
1036 3641 1207 3750 populus
1236 3670 1299 3721 re-

150 3749 325 3857 fragante
355 3751 474 3829 etiam
502 3753 591 3830 Deo
618 3780 753 3859 regem
771 3751 964 3845 voluisset,
994 3779 1199 3860 nunquam
1228 3781 1298 3833 rex

153 3859 305 3954 fuisset3
337 3880 376 3939 et
391 3863 570 3968 quamvis
583 3891 651 3942 rex
664 3867 905 3943 renuntiatus
920 3863 1013 3944 esset
1029 3863 1184 3973 Mispae,
1197 3866 1300 3944 vixit

154 3990 284 4050 tamen
306 3971 405 4078 pene
425 3973 611 4108 privatus,
623 3995 846 4054 armentum
859 3976 977 4084 patris
994 3974 1161 4070 secutus,
1174 3975 1299 4078 donec

154 4081 312 4187 Gilgale
337 4109 406 4161 rex
431 4112 453 4161 a
473 4083 621 4193 populo
644 4083 859 4165 secundum
879 4105 1029 4166 creatus
1055 4086 1124 4166 est.
1186 4086 1299 4199 Quid

155 4193 314 4271 David?
344 4195 523 4302 quamvis
542 4199 682 4276 undtus
696 4194 718 4276 ὲ
731 4200 835 4292 Deo,
850 4225 979 4278 nonne
994 4198 1139 4278 iterum
1158 4203 1298 4278 unetos

153 4303 209 4382 est
221 4305 268 4382 ab
284 4305 428 4408 Judaeis
444 4303 670 4401 Chebrone,
685 4310 826 4389 deinde
842 4310 890 4389 ab
907 4310 1091 4389 omnibus
1105 4310 1298 4402 HebraeiS,

154 4419 268 4522 paeto
289 4435 419 4496 tamen
443 4417 550 4526 prius
570 4417 741 4498 soedere?
774 4447 796 4500 2
823 4423 928 4501 Sam.
952 4446 992 4528 5.
1019 4419 1204 4502 1Chron.
1232 4448 1297 4501 11.

154 4524 281 4607 soedus
300 4547 433 4607 autem
452 4528 602 4636 obligat
620 4553 744 4639 reges,
764 4552 804 4612 et
827 4533 929 4612 intra
946 4551 1073 4613 certos
1088 4532 1184 4613 fines
1202 4561 1299 4613 con-

153 4639 265 4719 tinet.
325 4640 434 4720 Sedit
451 4641 651 4737 Salomon,
672 4643 816 4751 inquis,
822 4644 944 4754 super
944 4644 1081 4753 solium
1100 4645 1258 4726 Domini
1264 4663 1301 4726 et

153 4750 295 4832 cunetis
306 4750 468 4859 placuit,
489 4754 686 4865 1Paralip.
706 4780 773 4862 ²9·
792 4784 887 4866 ergo
902 4775 942 4835 et
956 4756 1140 4866 placuisse
1148 4757 1299 4869 populo
