2888 5204
124 39 1418 387 a

530 519 806 658 Responsm,
833 550 922 620 etc.
1230 555 1305 635 199

154 711 338 805 tanquam
366 693 522 777 hostem
553 698 773 778 aversantur
801 698 964 806 ubique,
997 718 1035 777 et
1064 695 1239 803 fugiunt,
1265 697 1305 773 vi

154 809 269 891 etiarn
290 807 469 919 etjarmis
488 837 583 890 cum
602 809 755 890 summa
774 812 971 889 alacritate
991 807 1231 919 propulsant.

204 917 345 1034 Qdm
358 940 494 1002 autem
509 922 555 1002 sis
572 923 727 1032 ineptus
740 949 944 1030 nunquam
958 917 1099 1001 claribs
1115 918 1303 1029 perspici-

151 1050 226 1127 tur,
238 1029 363 1141 quim
376 1029 471 1113 clun
484 1035 532 1113 de
546 1052 583 1113 te
597 1034 782 1142 loqueris,
795 1054 839 1113 ut
852 1035 930 1116 hic.
991 1036 1143 1125 Fateor,
1157 1032 1301 1138 inquis,

148 1163 189 1226 ut
202 1145 294 1225 huic
308 1146 519 1228 veteratori
528 1146 769 1254 respondeam,
780 1174 836 1225 me
853 1144 967 1225 multd
983 1145 1190 1253 irfiriorem
1203 1142 1302 1222 bonis

144 1256 310 1338 mnibus
337 1276 375 1338 et
405 1257 626 1364 adjumentis
655 1260 749 1338 vitae
767 1257 983 1367 spoliatam.
1054 1254 1301 1369 Qibusnam

143 1367 290 1451 bonis?
349 1371 391 1450 Sl
417 1370 529 1450 bonis
547 1370 684 1463 animi,
705 1371 880 1452 doctrina
900 1388 939 1449 et
959 1370 1118 1475 ingenio
1137 1369 1182 1448 srs
1202 1367 1301 1447 infe·

143 1482 241 1576 rior,
253 1510 326 1561 cur
339 1509 418 1561 non
431 1511 568 1591 parem
583 1484 654 1562 tibi
667 1482 913 1590 congressum
926 1478 1058 1590 potibs
1070 1481 1272 1588 quaesrvisti
1287 1482 1300 1557 ?

143 1593 224 1674 Sed
240 1595 273 1675 is
290 1613 388 1704 puto
405 1622 460 1689 es,
473 1594 631 1703 quiesse
647 1595 824 1688 doctum,
842 1595 915 1674 esse
932 1593 1184 1700 eloquentem
1200 1590 1301 1671 nihil

136 1705 255 1799 ¹aliud
271 1706 342 1785 nifi
358 1705 432 1785 effe
448 1707 614 1786 divitem
629 1707 852 1786 existimes:
885 1727 929 1786 ut
945 1705 1057 1785 bonis
1073 1706 1244 1785 externis
1263 1725 1303 1784 et

142 1818 236 1899 vita
260 1818 495 1924 adjumentis
518 1818 701 1928 spoliatus
729 1819 757 1897 fi
784 1819 844 1913 fis,
871 1818 1062 1898 Dostrind
1085 1845 1242 1925 quoque
1263 1836 1302 1896 et

143 1930 312 2038 ingenio
343 1930 527 2038 spoliatus
558 1930 630 2010 tibi
660 1932 826 2012 videare.
885 1932 978 2010 Ain’
1007 1928 1099 2009 verb
1131 1949 1173 2009 tu
1202 1929 1302 2009 bonis

142 2040 310 2123 omnibus
313 2040 517 2151 spoliatum
535 2060 572 2122 te
590 2042 688 2152 ff?
748 2042 925 2122 Callidus
937 2044 1056 2121 nimis
1069 2071 1108 2122 es
1124 2061 1163 2121 et
1178 2039 1300 2135 v'afer,

144 2154 262 2264 cupis
273 2156 399 2235 celare
414 2155 568 2235 divitias
584 2174 684 2249 tuas,
700 2152 839 2234 verbm
855 2182 932 2234 non
948 2173 1071 2263 potes.
1112 2155 1300 2235 Indicabo

145 2292 226 2374 ego
243 2285 282 2346 te
294 2287 333 2347 et
345 2266 549 2347 facultates
563 2286 659 2347 tuas.
703 2268 846 2346 Praeter
860 2267 928 2345 illa
938 2266 1054 2359 bona,
1067 2294 1153 2373 quae
1169 2286 1302 2374 erepta

145 2378 222 2458 tibi
239 2379 314 2458 effe
331 2380 444 2473 dicis,
463 2379 576 2458 restat
592 2376 722 2458 adhuc
740 2379 827 2471 tibi,
846 2406 923 2457 non
941 2379 1048 2456 enim
1063 2378 1221 2470 celabis,
1239 2381 1300 2457 in·

145 2517 260 2598 gens,
281 2519 406 2599 eoque
426 2492 640 2599 ingentius,
653 2490 760 2599 qubd
781 2518 899 2570 nemo
921 2489 991 2569 tibi
1012 2491 1166 2600 eripiet,
1187 2489 1300 2569 soloe-

144 2602 363 2683 cismorum
387 2605 616 2712 peculium;
649 2605 688 2682 in
716 2631 763 2682 eo
791 2631 933 2710 genere
961 2603 1204 2697 divitiarum,
1229 2631 1300 2681 ne-

145 2715 303 2795 minem
316 2734 353 2794 te
366 2716 666 2825 locupletiorem
679 2717 863 2821 cognovi.
895 2717 1106 2794 Extorrem
1119 2736 1302 2824 praeterea

146 2846 187 2907 te
199 2827 276 2907 else
289 2829 516 2935 queritaris;
549 2825 639 2908 Vah
651 2823 968 2935 quamindigne!
1019 2828 1301 2937 Utperspicias

147 2940 274 3046 igitur
288 2936 409 3048 quarn
427 2940 513 3019 surn
530 2968 602 3048 pro
622 2959 658 3018 te
675 2939 874 3031 sollicitus,
892 2937 948 3018 est
966 2941 1006 3017 in
1024 2940 1167 3019 Cilicia
1182 2943 1299 3050 oppi-

145 3052 264 3144 dum,
283 3052 378 3145 Soli,
394 3054 617 3159 antiquum,
632 3070 676 3130 ut
694 3051 918 3161 perhibent,
938 3070 978 3130 et
994 3050 1080 3130 satis
1093 3054 1273 3162 amplum
1287 3085 1298 3150 ;

145 3163 247 3244 illuc
267 3190 403 3244 omnes
418 3167 488 3272 qui
508 3162 740 3243 soloecismos
756 3183 837 3242 tam
853 3162 1004 3243 strenue
1021 3163 1146 3244 facere
1163 3164 1299 3259 solent,

145 3276 349 3355 coloniam
361 3276 533 3371 ducunt;
565 3277 740 3356 Sarcinas
752 3276 874 3381 igitur
890 3273 1009 3385 quim
1023 3274 1201 3384 primbm
1217 3279 1300 3358 col-

146 3387 248 3496 lige,
276 3386 325 3466 eb
354 3390 462 3468 enirn
495 3407 548 3482 te,
578 3387 736 3496 tuasque
764 3416 901 3468 omnes
927 3387 1130 3468 facultates
1162 3389 1300 3470 suadeo

148 3498 370 3580 transferas.
432 3502 653 3607 Permagna
674 3500 729 3579 ibi
751 3519 788 3578 te
808 3499 1029 3592 latifundia,
1047 3499 1149 3579 mihi
1169 3502 1298 3595 crede,

149 3631 327 3705 manent,
344 3611 471 3692 immb
487 3613 558 3692 nisr
579 3611 707 3705 fallor,
730 3612 973 3692 Soloecorum
989 3614 1171 3692 omnium
1190 3614 1300 3720 prin-

147 3726 329 3832 cipatum
342 3723 456 3804 facile
474 3752 573 3804 unus
589 3723 795 3805 obtinebis.
856 3721 1009 3804 Veritm
1022 3725 1127 3832 quod
1143 3726 1300 3804 nullum

150 3835 227 3917 tibi
243 3864 419 3944 unquam
436 3835 572 3944 fuit(s1
590 3837 796 3943 ingenium
809 3836 906 3916 dicis
919 3866 999 3946 quo
1016 3837 1245 3917 inferiorem
1262 3859 1299 3919 te

147 3946 302 4029 factum
316 3948 465 4053 fateris)
483 3949 523 4028 id
545 3947 617 4027 tibi
639 3976 708 4027 nos
728 3947 874 4027 scilicet
893 3949 1073 4058 eripuisse
1088 3950 1298 4032 infimulas.

150 4057 264 4141 Cium
281 4080 318 4140 te
334 4057 467 4140 contra
481 4061 528 4141 ab
544 4059 758 4140 adversario
774 4060 916 4141 multas
932 4062 1134 4155 didliones,
1151 4083 1191 4143 et
1210 4065 1300 4174 apte

150 4173 289 4253 usitata
305 4172 354 4252 ab
373 4201 420 4252 eo
436 4172 553 4253 verba
571 4171 703 4281 ineptb
716 4171 894 4251 suffurari
915 4201 993 4252 non
1010 4174 1165 4282 pudeat.
1225 4178 1301 4256 Su·

142 4284 298 4395 perbire
312 4285 534 4366 Miltonum
547 4285 615 4378 ait,
628 4283 829 4364 nominibus
833 4285 919 4390 suis
938 4304 974 4365 et
993 4287 1114 4366 titulis
1126 4287 1164 4366 in
1178 4290 1301 4369 Fron·

147 4396 491 4507 tffpiciosuspetfis.
537 4403 638 4504 Qrae
657 4397 722 4475 ille
740 4398 900 4484 nomina
914 4417 1050 4507 praeter
1062 4398 1190 4494 suum,
1204 4429 1302 4508 quos

147 4510 220 4590 ille
234 4510 367 4590 titulos
388 4510 427 4589 in
443 4511 587 4589 Fronte
600 4509 712 4588 Libri
732 4508 817 4589 suos
838 4509 992 4617 posuit?
1051 4514 1116 4590 An
1133 4512 1222 4591 ideo
1238 4512 1301 4592 su-

150 4622 311 4731 perbus,
324 4622 417 4730 quia
432 4621 468 4701 se
485 4621 540 4702 sui
555 4649 682 4730 neque
698 4623 868 4701 nominis
885 4650 1011 4731 neque
1031 4622 1163 4702 caussae
1175 4625 1301 4731 pude-

150 4733 245 4814 bat?
276 4734 463 4813 Haeccine
478 4733 548 4812 tibi
565 4732 805 4841 Phyladleria
818 4734 903 4813 sunt
918 4734 1145 4838 Salmafium,
1160 4735 1304 4841 inquis,
