2888 5204
154 197 228 273 192
427 156 622 288 Joannis
650 151 854 286 Philippi
881 152 1028 284 Angli

146 359 285 411 acuere
305 349 345 409 et
364 330 515 437 ingenii
534 330 700 408 vixdum
724 328 968 439 pubescentis
987 330 1212 409 rudimenta
1226 331 1284 409 de·

147 469 293 552 ponere
323 439 709 521 haudincommode
739 469 804 521 me
832 440 938 550 polle
956 441 1131 522 confido.
1192 441 1285 521 Cum

147 553 360 634 adversario
372 553 480 632 enim
493 572 573 633 tam
586 553 752 662 infipido
764 573 805 633 et
817 553 985 660 vulgari,
997 554 1150 661 exiguo
1164 551 1285 634 saltem

147 667 276 773 quivis
295 665 471 773 ingenio,
489 683 530 744 et
548 665 768 744 eruditione
786 667 1042 772 quantumvis
1062 666 1202 746 leviter
1219 666 1285 747 im·

145 775 277 871 butus,
292 780 418 856 'etiam
433 775 482 854 de
499 776 710 886 improviso
724 778 911 884 congredi
930 779 1009 858 fine
1027 776 1208 887 periculo
1223 805 1285 887 po·

147 890 251 969 terit.
291 887 404 969 Prius
421 888 542 996 igitur
554 885 676 996 quam
687 916 787 998 opus
799 889 928 998 ipsum
939 890 1162 997 aggrediar,
1172 916 1285 999 opem

144 1002 319 1111 pretium
335 1002 504 1094 videtur,
521 997 730 1079 authorem
744 997 1076 1108 hujusApologiae
1090 1000 1285 1095 illustrem,

147 1114 264 1193 fidiis
280 1114 422 1222 placet,
443 1130 482 1190 et
501 1111 703 1205 disertum,
723 1113 764 1190 in
784 1115 941 1192 occulto
957 1131 1090 1193 tamen
1109 1112 1287 1195 latentem

146 1225 389 1333 investigare.
451 1226 564 1317 Sunt,
588 1226 659 1330 qui
678 1224 817 1304 dicunt
835 1252 981 1304 nomen
1004 1224 1066 1303 illi
1084 1225 1191 1329 Jano
1208 1224 1284 1317 elle,

146 1336 310 1416 obscuro
335 1334 489 1416 bomini
516 1355 556 1415 et
581 1334 773 1415 bonarum
796 1335 998 1416 literarum
1022 1336 1127 1432 rudi,
1154 1364 1207 1417 ex
1227 1335 1285 1416 illo

145 1474 265 1555 grege
278 1447 554 1554 legulejorum,
569 1474 668 1554 quos
680 1450 942 1556 pragmaticos
958 1466 1112 1527 vocant.
1144 1444 1286 1529 Verbm

144 1557 240 1655 clun
258 1559 519 1639 meminissem
540 1557 755 1639 bifrontem
769 1557 843 1638 esse
857 1560 1021 1663 Janum,
1033 1558 1206 1641 alterum
1219 1560 1284 1640 lio·

145 1672 331 1779 cipirium
344 1671 384 1748 in
397 1670 478 1775 ejus
494 1671 681 1780 occipitio
697 1671 950 1780 quaerendum
961 1668 1064 1751 mihi
1076 1671 1153 1752 esse
1169 1672 1283 1753 statui.

147 1783 286 1890 ltaque
310 1781 421 1861 alteri
442 1782 635 1892 fincipitio
656 1809 816 1874 nomen,
843 1784 903 1862 uti
925 1811 1001 1892 ego
1024 1783 1183 1865 indiciis
1206 1784 1284 1893 qui·

146 1892 308 1973 busdam
336 1896 528 2002 comperi,
556 1894 781 1974 Brammalo
808 1895 878 1974 est.
937 1896 976 1976 Is
998 1893 1149 1977 librum
1173 1922 1284 2005 nuper

143 2005 239 2114 stylo
254 2027 371 2115 atque
388 2004 494 2087 sensu
512 2005 607 2086 huic
618 2004 719 2115 pene
733 2007 942 2114 geminum
961 2006 1110 2115 scripsit
1122 2004 1283 2116 Anglicl

144 2119 184 2196 in
204 2116 497 2213 Εἶκονοκλοίστην,
526 2118 635 2223 cujus
654 2136 694 2198 et
713 2117 820 2198 hunc
839 2118 982 2199 foetum
1000 2118 1075 2199 effe
1100 2118 1208 2201 haud
1233 2138 1282 2199 te·

31 2303 35 2311 .
144 2229 250 2309 mere
267 2230 397 2339 plures
412 2247 632 2310 autumant.
691 2232 835 2310 Virum
855 2232 990 2339 igitur,
1006 2259 1234 2340 quanquam
1251 2248 1284 2310 et

145 2337 212 2419 hic
240 2341 397 2421 vultum
426 2343 466 2419 in
497 2342 685 2450 occipitio
712 2344 828 2451 gerit,
858 2344 885 2422 fi
912 2343 1023 2435 libet,
1056 2344 1284 2452 cognoscite.
1326 2378 1328 2423 ε

146 2451 271 2546 Nam,
304 2472 349 2533 ut
379 2453 459 2562 ipse
486 2455 708 2563 profitetur,
740 2454 1136 2562 Theologiae'dodior
1161 2456 1230 2550 est,
1252 2472 1287 2535 et

146 2565 363 2675 Episcopus
389 2565 673 2645 Hibernienfis.
734 2567 772 2645 Is
796 2563 892 2646 cilm
922 2567 970 2646 ab
995 2569 1158 2647 ineunte
1187 2586 1288 2649 aetate

143 2673 267 2757 homo
287 2677 494 2756 discindtus
514 2697 553 2757 et
572 2676 759 2770 ebriosus,
785 2677 1074 2788 episcoporum,
1103 2682 1175 2788 qui
1202 2700 1288 2760 tunc

143 2789 184 2867 in
205 2789 353 2896 Anglie
371 2789 689 2882 dominabantur,
714 2790 870 2882 luxum,
895 2818 1004 2898 opes,
1031 2790 1288 2872 ambitionem

144 2919 233 2979 ante
254 2900 388 2979 oculos
405 2897 579 2994 haberet,
598 2900 727 2980 inedie
744 2901 888 3009 pressus
908 2923 947 2981 et
963 2903 1138 2984 latrantis
1152 2903 1289 2983 stoma·

141 3010 208 3091 chi
225 3011 422 3104 instinctu,
439 3010 537 3091 nihil
555 3012 624 3091 fibi
644 3013 780 3092 utilius
796 3014 870 3093 esse
889 3015 1018 3107 duxit,
1033 3011 1156 3122 quim
1176 3035 1220 3095 ut
1238 3014 1290 3094 sa-

141 3124 310 3204 cerdotis
342 3150 505 3202 munere
537 3124 712 3218 indutus,
747 3125 976 3220 Ecclesiam,
1007 3145 1101 3206 tunc
1133 3127 1292 3235 quidem

143 3236 246 3346 lupis
266 3234 450 3315 omnibus
470 3255 685 3344 patentem,
711 3237 910 3316 invaderet
922 3269 933 3331 ;
965 3256 1004 3316 et
1026 3240 1291 3318 conciunculis

143 3349 294 3457 aliquot
312 3348 360 3427 ad
382 3345 540 3427 illorum
569 3367 806 3457 temporum.
819 3350 1051 3458 pravitatem
1070 3352 1292 3459 compostis

143 3460 366 3552 instructus,
403 3487 498 3567 quas
529 3460 577 3538 de
616 3460 759 3567 scripto
790 3461 1004 3541 recitandas
1038 3462 1292 3543 circumferre

145 3570 303 3663 solebat,
348 3570 543 3650 nobilium
582 3569 794 3651 hominum
831 3572 995 3667 mensas,
1038 3592 1078 3653 et
1117 3574 1293 3656 sacellani

144 3683 335 3791 pinguem
366 3682 540 3790 aliquam
575 3683 814 3777 mercedem,
850 3674 958 3794 liqua
992 3684 1185 3792 ejusmodi
1218 3685 1293 3767 offa

143 3794 181 3873 se
199 3792 409 3886 obtulisset,
431 3793 653 3888 ambiebat3
685 3793 753 3873 ubi
773 3797 894 3875 coenis
913 3793 1034 3905 quam
1060 3797 1292 3889 lautissimis,

141 3905 324 4014 precibus
358 3903 478 4012 quam
513 3904 743 3985 breviffimis
778 3927 992 3988 uterentur.
1055 3909 1167 3989 Inter
1202 3911 1294 3990 alios

142 4017 300 4099 Derbiae
314 4018 448 4097 comisr
464 4018 499 4097 se
512 4015 739 4097 clanculum
755 4018 958 4100 offerebat.
1003 4021 1190 4106 Tandem
1204 4021 1294 4103 verb

141 4131 327 4239 nequitiis
342 4129 883 4239 coopertus,benevolentiam
895 4152 935 4212 et
948 4130 1123 4213 favorem
1137 4136 1294 4215 comitis

142 4243 391 4335 Straffordiae,
418 4243 594 4351 protegis
619 4241 659 4319 in
681 4241 889 4336 Hibernia,
915 4272 1036 4353 quem
1061 4246 1295 4356 multiplicis

141 4358 302 4436 nomine
331 4355 609 4464 perduellionis
645 4373 749 4433 totus
775 4356 946 4465 populus
972 4357 1021 4436 ad
1056 4356 1295 4468 supplicium
