2888 5204
247 586 301 670 80
536 577 629 672 Pro
653 569 841 708 Populo
866 570 1136 706 Anglicano

244 754 327 864 ista.
387 755 561 836 Adverte
581 755 666 865 jam
691 756 895 849 animum:
926 753 1096 864 populus
1121 768 1237 834 antea
1262 776 1393 860 regem

245 866 417 962 volebat,
437 866 636 978 displicuit
654 866 695 947 id
715 869 829 961 Deo;
861 894 1001 946 eorum
1020 884 1151 946 tamen
1166 864 1251 972 juri
1270 863 1393 946 noluit

247 979 511 1060 intercedere:
543 1007 648 1060 nunc
669 979 844 1090 Populus
864 977 1117 1058 Roboamum
1136 1004 1217 1058 non
1229 975 1318 1057 vult
1331 1003 1394 1055 re·

247 1118 357 1200 gem,
370 1091 410 1170 id
427 1093 539 1172 Deus
553 1120 632 1172 non
644 1088 771 1171 solbm
786 1117 904 1201 penes
920 1090 1113 1200 populum
1125 1088 1201 1170 elle
1217 1089 1322 1184 finit,
1334 1085 1395 1173 scd

248 1230 385 1311 regem
401 1232 448 1284 eo
467 1205 627 1284 nomine
643 1202 746 1283 bella
766 1222 992 1282 moventem
1005 1220 1111 1282 vetat
1127 1229 1173 1282 ac
1189 1202 1393 1312 reprimit:

248 1343 322 1395 nec
334 1314 423 1395 ideb
439 1315 616 1410 rebelles,
630 1313 695 1395 sed
711 1313 838 1396 nihilo
850 1311 982 1394 minus
999 1312 1134 1394 fratres
1149 1315 1300 1423 eosqui
1313 1309 1395 1393 des·
1439 1342 1442 1415 g

248 1427 686 1539 civerantappellandos
698 1427 772 1507 effe
783 1427 912 1507 docet.
945 1426 1104 1534 Collige
1121 1444 1159 1506 te
1173 1425 1396 1533 nuncjam3
1439 1428 1442 1517 l

249 1538 337 1619 sunt
362 1568 514 1635 omnes,
538 1541 685 1648 inquis,
709 1566 818 1646 reges
844 1536 866 1618 al
891 1540 996 1633 Deo,
1021 1564 1117 1646 ergo
1142 1537 1315 1650 populus
1337 1534 1398 1617 vel
1440 1570 1442 1589 ¹

250 1654 422 1760 tyrannis
436 1652 604 1733 refistere
626 1679 704 1730 non
722 1651 851 1731 debet.
910 1651 1090 1731 Viciffim
1106 1676 1197 1758 ego,
1214 1648 1320 1745 sunt,
1336 1650 1396 1729 in·
1440 1692 1442 1729 ÷

248 1792 385 1873 quam,
406 1764 546 1874 populi
570 1783 800 1857 conventus,
825 1763 1002 1856 comitia,
1031 1760 1169 1856 studia,
1198 1759 1394 1870 suffragia,
1440 1804 1442 1817 =

249 1876 451 1985 plebiscita
471 1877 615 1985 pariter
634 1872 656 1954 ὲ
677 1876 784 1969 Deo,
806 1875 899 1956 teste
918 1873 984 1953 htc
1007 1872 1113 1983 ipso;
1143 1872 1240 1984 ergb
1266 1892 1307 1953 et
1329 1899 1398 1955 rex

248 1988 389 2068 itidem
409 1988 577 2068 resistere
597 2013 675 2066 non
695 1986 812 2066 debet
830 1986 994 2098 populo,
1015 1983 1178 2066 authore
1198 1987 1321 2066 etiam
1333 2013 1398 2066 eo·
1440 2012 1442 2031 ²

249 2100 343 2180 dem
360 2101 463 2181 Deo.
524 2095 659 2208 Qdm
674 2100 782 2178 enim
799 2118 952 2179 certum
968 2098 1038 2192 est,
1058 2096 1133 2179 else
1152 2095 1274 2178 hodie
1290 2124 1398 2206 reges

250 2208 403 2305 dDeo,
427 2239 626 2321 quamque
653 2208 729 2290 hoc
751 2209 856 2291 valet
881 2210 931 2292 ad
957 2209 1229 2320 imperandam
1250 2209 1398 2322 populo

250 2324 532 2418 obedientiam,
553 2345 634 2404 tam
656 2323 712 2402 est
728 2341 882 2403 certum
901 2322 976 2402 elle
996 2318 1122 2402 aDeo
1137 2324 1260 2418 etiam
1282 2320 1398 2403 hodie

249 2436 370 2517 libera
382 2437 521 2548 populi
535 2437 717 2530 concilia,
730 2455 890 2544 tamque
904 2434 981 2514 hoc
994 2434 1099 2515 valet
1109 2434 1172 2514 vel
1187 2436 1236 2516 ad
1250 2461 1395 2543 cogen·
1440 2482 1442 2487 ·

249 2548 319 2629 dos
330 2550 372 2627 in
384 2549 564 2629 ordinem
578 2574 704 2655 reges,
716 2547 780 2627 vel
793 2548 842 2627 ad
855 2546 1106 2655 rejiciendos:
1132 2575 1262 2656 neque
1274 2548 1397 2655 magis

250 2679 457 2769 propterea
472 2659 624 2740 bellum
639 2659 788 2769 populo
807 2657 950 2740 inferre
966 2658 1178 2753 debebunt,
1194 2656 1318 2768 qudm
1333 2660 1398 2739 de·

249 2771 337 2851 buit
364 2772 606 2852 Roboamus.
660 2772 826 2883 Qaeris,
853 2799 924 2852 cur
953 2769 1048 2878 ergb
1076 2798 1154 2851 non
1184 2770 1398 2853 defecerint

252 2882 431 2964 Israelita>
444 2881 467 2963 a
482 2883 720 2964 Solomone?
781 2884 884 2995 Qis
903 2902 1041 2994 praeter
1059 2899 1098 2963 te
1113 2880 1194 2964 thn
1209 2883 1328 2965 stulta
1342 2886 1398 2967 in·

251 3015 480 3103 terrogaret,
498 3023 592 3075 cum
610 2992 789 3076 defecille
810 2996 959 3075 constet
977 2993 1141 3105 impune
1165 2993 1187 3075 d
1207 2998 1399 3104 tyranno?

251 3109 299 3188 ln
311 3109 405 3188 vitia
420 3107 597 3216 quaedam
614 3106 740 3217 lapsus
756 3107 812 3187 est
826 3108 1037 3203 Solomon3
1068 3134 1147 3187 non
1161 3108 1312 3189 idcirco
1329 3110 1399 3191 str-
1439 3138 1442 3209 ξ

249 3222 325 3300 tim
341 3240 550 3328 tyrannus:
581 3218 647 3300 sua
661 3219 756 3299 vitia
774 3222 928 3327 magnis
941 3219 1165 3314 virtutibus,
1183 3223 1338 3328 magnis
1352 3222 1399 3303 de
1440 3218 1442 3223 ’

249 3332 388 3441 repub.
419 3332 569 3411 meritis
596 3330 894 3440 compensabat:
931 3330 992 3411 fac
1022 3352 1230 3439 tyrannum
1258 3331 1397 3429 fuiffet

249 3441 345 3553 saepb
360 3444 416 3523 est
431 3464 476 3524 ut
488 3443 657 3553 populus
674 3444 774 3523 nolit
789 3463 999 3552 tyrannum
1015 3443 1166 3539 tollere,
1181 3444 1278 3554 hpe
1289 3445 1399 3527 estut

249 3583 328 3636 non
347 3557 484 3667 polht:
517 3555 603 3636 satis
619 3555 675 3634 est
690 3553 875 3635 sustulisse
889 3583 983 3636 curn
1050 3558 1182 3637 tuerit.
1241 3558 1399 3666 Arsac-

247 3686 327 3749 tum
343 3668 562 3778 Jeroboami
558 3666 707 3777 semper
718 3667 959 3777 improbatum
959 3584 1051 3775 sliri
1064 3685 1103 3748 et
1116 3668 1311 3778 Apostqfia
1324 3669 1400 3778 ejus

247 3780 439 3890 detestata,
452 3778 673 3890 sttcceffores
695 3777 774 3885 ejus
792 3797 864 3889 pro
890 3778 1085 3860 rebellibus
1094 3778 1244 3889 semper
1265 3782 1398 3867 habeti

247 3892 492 4001 Apostafiam
506 3893 588 3998 ejus
600 3918 680 3972 non
695 3889 718 3970 ὲ
732 3891 954 3986 Roboamo,
970 3890 1033 3971 sed
1049 3888 1174 3973 dvero
1192 3892 1305 3975 cultu
1319 3895 1400 3977 Dei

249 4001 522 4113 reprehensam
542 4000 677 4113 saepibs
693 4003 807 4112 lego:
837 4021 878 4084 et
893 4002 1119 4086 succeffores
1135 4004 1299 4113 quidem
1317 4007 1399 4114 ejus

248 4115 345 4226 saepe
364 4115 564 4226 reprobos,
581 4114 743 4197 rebelles
762 4113 952 4224 nusquam
970 4116 1095 4197 didos
1115 4117 1297 4198 memini.
1358 4119 1404 4198 Si

248 4227 340 4339 quid
331 4228 429 4336 fiat,
442 4227 587 4337 inquis,
588 4227 681 4336 juri
689 4245 727 4307 et
737 4226 877 4335 legibus
888 4228 1130 4323 contrarium,
1140 4258 1187 4309 ex
1199 4259 1238 4310 eo
1236 4228 1309 4337 jus
1304 4228 1404 4338 fieri

247 4370 318 4422 non
325 4341 452 4450 potest.
504 4341 616 4452 Qid
628 4337 754 4448 quaeso
768 4358 855 4420 tum
870 4339 939 4421 fiet
942 4340 1025 4446 juri
1039 4343 1176 4448 regio?
1234 4343 1299 4423 Sic
1311 4360 1400 4424 tuus

248 4453 328 4563 ipse
341 4451 531 4562 perpetuo
547 4451 801 4532 refutatores.
840 4451 1023 4559 Qotidie,
1036 4453 1181 4561 inquis,
1197 4450 1399 4550 adulteris,

246 4564 451 4658 homicidia,
453 4566 577 4674 furta
589 4565 733 4675 impune
747 4565 1040 4645 committuntur.
1079 4565 1146 4644 An
1163 4565 1286 4649 nescis
1296 4592 1402 4648 nunc

248 4696 286 4759 te
303 4677 376 4759 tibi
390 4677 618 4787 respondere
633 4678 822 4787 quaerenti
835 4704 907 4757 cur
923 4677 1036 4757 toties
1049 4681 1221 4786 tyrannis
1235 4677 1401 4792 impune

245 4791 386 4873 fuerit?
446 4788 783 4899 Rebellessuerunt
798 4788 860 4899 isti
869 4818 988 4899 reges,
995 4790 1403 4902 prophetaetammpo·
