2888 5204
408 532 648 637 Defenfio.
686 540 806 671 Cap.
837 571 880 636 2.
1171 577 1222 658 27

64 710 171 791 male
184 708 374 806 faciendi,
388 712 453 793 sed
464 712 533 792 tlla
546 712 666 792 altera
681 710 784 790 male
796 712 1011 849 pereundi:
1042 740 1121 820 qua
1102 712 1225 806 sola

64 846 110 902 ιιι
130 823 307 904 inclusus
320 825 387 903 ille
402 826 567 933 Capreis
581 823 768 903 Tiberius
772 824 1037 932 ,atemetipso
1051 825 1227 932 perditus

65 936 250 1043 quotidie
271 955 309 1015 te
329 935 467 1017 sentias
486 937 627 1045 perire.
687 931 877 1014 Verum
860 963 925 1042 jus
948 937 1047 1016 illud
1072 937 1228 1042 regium

67 1046 191 1154 paulo
210 1045 432 1129 accuratius
450 1046 566 1155 quale
586 1047 632 1127 fit
650 1046 950 1126 confideremus.
1012 1049 1075 1127 Sic
1093 1048 1228 1128 Oriens

66 1177 185 1252 totus,
202 1187 349 1267 inquis,
354 1159 566 1265 judecavrt,
568 1159 632 1263 stc
651 1157 841 1237 Occidens.
902 1159 1000 1239 Non
1017 1161 1227 1267 Reponam

68 1271 144 1349 tibi
165 1272 275 1378 quod
293 1271 523 1373 Aristoteles
544 1290 585 1350 et
604 1270 768 1348 Marcus
795 1271 953 1363 Cicero,
981 1269 1178 1364 authores,
1199 1272 1227 1350 si

67 1383 141 1490 qui
159 1383 244 1475 alii,
264 1381 533 1475 cordatiffimi,
549 1382 616 1460 ille
636 1382 678 1459 in
698 1381 890 1475 Politicis,
906 1380 974 1460 hic
994 1384 1035 1461 iu
1051 1383 1225 1462 oratione

69 1494 121 1573 de
143 1494 363 1573 Provinciis
387 1494 535 1603 scripfit
554 1494 704 1572 Gentes
723 1492 911 1573 Asiaticas
930 1491 1045 1573 facile
1066 1493 1226 1573 servitu-

69 1624 155 1685 tem
168 1606 267 1715 pati,
281 1605 437 1710 Judaeos
449 1624 583 1685 autem
595 1626 635 1683 et
649 1606 764 1711 Syros
777 1603 952 1685 servituti
968 1625 1076 1685 natos
1093 1603 1222 1687 fuiffe:

69 1715 349 1825 fateorpaucos
359 1714 440 1796 fere
451 1716 922 1808 libertatemvelle,autea
931 1717 1035 1824 polle
1046 1716 1225 1810 uti,solos

70 1856 220 1938 nempe
234 1828 438 1937 sapientes,
449 1847 490 1908 et
502 1828 792 1935 magnanimos;
813 1856 901 1937 pars
916 1826 1034 1936 louge
1048 1831 1225 1910 maxima

65 1939 196 2044 justos
207 1940 389 2019 dominos
401 1940 566 2032 mavult,
580 1939 643 2018 sed
657 1958 786 2017 tamen
786 1938 926 2044 justos3
942 1940 1101 2046 injustos
1113 1962 1152 2022 et
1164 1938 1225 2020 in-

72 2049 592 2159 tolerabilesferendineque
604 2053 714 2130 Deus
725 2052 1085 2158 unquamuniverso
1093 2055 1227 2161 generi

73 2162 256 2242 humano
268 2182 350 2242 tam
361 2161 532 2242 infensus
544 2161 636 2255 fuit,
650 2190 777 2270 neque
793 2162 896 2242 ullus
908 2191 1084 2271 unquam
1098 2193 1227 2274 popu-

72 2276 138 2354 lus
150 2295 234 2355 tam
246 2275 294 2355 ab
306 2277 417 2355 omni
430 2274 494 2385 spe
506 2293 546 2353 et
558 2274 718 2353 consilio
734 2274 956 2368 derelictus,
968 2295 1012 2354 ut
1027 2277 1224 2356 neceffita-

76 2405 163 2466 tem
174 2385 279 2465 hanc
290 2405 406 2494 atque
415 2386 546 2494 legem
558 2387 740 2465 omnium
753 2386 994 2465 duriffimam
1010 2387 1050 2465 in
1063 2386 1099 2465 se
1111 2407 1228 2495 atque

75 2499 119 2577 in
133 2497 221 2578 suos
234 2497 377 2577 liberos
390 2498 493 2578 ultro
506 2497 699 2581 statueret.
736 2496 914 2578 Profers
903 2526 1100 2607 imprimis
1111 2498 1230 2579 verba

74 2637 229 2716 regum
244 2609 456 2718 Ecclestaste
451 2609 764 2718 saptenttacart
799 2609 908 2689 Nos
898 2628 1028 2717 itaque
1039 2612 1087 2690 ad
1097 2612 1228 2719 legem

78 2723 162 2801 Dei
174 2749 449 2831 provocamus,
463 2723 512 2801 de
527 2748 618 2828 rege
639 2716 828 2829 posterius
846 2722 1088 2816 videbimus;
1119 2723 1229 2829 cujus

78 2833 226 2912 exinde
238 2831 467 2913 sententiam
480 2830 621 2912 rectius
632 2833 911 2939 intelligemus
941 2835 1229 2945 Audiaturipse

80 2946 212 3037 Deus,
223 2946 346 3023 Deut.
367 2969 429 3052 17.
450 2943 544 3024 Cum
555 2943 734 3053 angreffits
737 2943 904 3050 fuerrs
887 2974 925 3025 m
943 2963 1101 3041 terram,
1120 2976 1229 3056 quam

79 3057 238 3165 Jehova
249 3058 357 3136 Deus
375 3056 443 3137 dat
454 3056 538 3150 tibi,
557 3075 594 3135 et
610 3055 882 3164 dicesstatuam
890 3056 1011 3165 steper
1026 3088 1080 3138 me
1092 3060 1228 3164 Regem

63 3169 176 3275 ficut
189 3197 305 3248 omnes
320 3188 449 3276 gentes
463 3167 693 3277 quaestrnt
654 3196 759 3248 ctrca
768 3197 842 3248 me:
866 3170 988 3279 Qud
1003 3198 1077 3277 ego
1092 3198 1229 3251 omnes

78 3280 205 3359 velim
216 3281 337 3359 etiam
352 3300 469 3388 atque
488 3281 610 3359 etiam
620 3281 944 3374 animadvertant,
959 3281 1052 3361 teste
1065 3281 1132 3361 hlc
1147 3282 1230 3391 ipso

81 3393 191 3484 Deo,
207 3418 323 3499 penes
337 3391 505 3501 populos
515 3419 652 3471 omnes
665 3419 710 3471 ac
724 3392 898 3470 nationes
909 3393 1115 3472 arbitrium
1127 3393 1229 3472 sern-

81 3530 156 3612 per
168 3501 294 3596 fuille
304 3503 368 3582 vel
381 3505 426 3583 ed
429 3531 539 3611 quae
552 3503 736 3611 placeret
753 3503 880 3582 formal
895 3504 1062 3612 reipubl.
1080 3506 1230 3598 utendi,

80 3614 630 3694 velhancinaliammutandi.
653 3614 1032 3695 deHebraersdiserte
1045 3613 1122 3694 hoc
1134 3617 1230 3696 d1c1t

83 3728 213 3821 Deus,
225 3728 273 3806 de
283 3727 443 3835 reliquis
455 3724 560 3805 haud
572 3726 727 3806 abnuit
748 3728 888 3805 demde
899 3726 1228 3836 formamreipub

82 3836 314 3919 monarchia
332 3835 623 3968 perfectiorem,
643 3856 687 3916 ut
706 3838 793 3917 sunt
812 3867 871 3917 res
885 3836 1080 3932 humanae,
1096 3839 1231 3949 suique

82 3951 226 4060 populi
245 3951 371 4058 magis
391 3977 441 4029 ex
460 3949 530 4029 usu
549 3951 623 4029 deo
642 3949 764 4030 visam
783 3951 882 4029 effe:
912 3978 1008 4030 cum
1027 3949 1128 4032 hanc
1150 3954 1231 4062 ipse

83 4059 257 4142 formam
273 4062 505 4155 instituerim
536 4059 805 4141 monarchiam
820 4090 896 4141 non
914 4063 983 4141 nisi
999 4062 1082 4142 sero
1093 4086 1231 4174 peten-

83 4172 206 4267 tibus,
227 4175 345 4282 idque
360 4172 460 4280 aegrd
479 4174 723 4253 concederet.
782 4174 850 4253 Sin
866 4201 1001 4281 regem
1017 4175 1132 4283 plane
1148 4179 1231 4257 vel-

84 4284 183 4378 lent,
202 4305 248 4364 ut
272 4285 488 4365 ostenderet
511 4287 622 4364 Deus
644 4285 684 4363 id
709 4284 746 4363 se
769 4285 939 4364 liberum
964 4287 1118 4396 Populo
1142 4290 1233 4368 reli-

83 4397 224 4504 quisse,
244 4397 293 4476 ab
313 4425 391 4476 uno
406 4424 456 4476 an
471 4393 493 4475 ὲ
510 4396 686 4506 pluribus
701 4396 869 4505 respubl.
885 4398 1231 4494 administraretur,

85 4507 210 4589 modo
222 4507 340 4614 juste,
356 4510 440 4616 regi
456 4510 575 4588 etiarn
591 4507 723 4587 futuro
739 4508 845 4615 leges
860 4511 1075 4603 constituit,
1091 4511 1233 4619 quibus

84 4640 250 4701 cautum
267 4639 363 4714 erat,
383 4639 427 4700 ut
444 4648 489 4699 ne
506 4620 638 4729 multip
640 4620 725 4699 teet
728 4619 810 4725 fibt
824 4651 943 4731 equos,
962 4652 1007 4703 ne
1026 4650 1170 4714 uxores,
1189 4652 1234 4701 ne

83 4732 262 4831 desiria„
293 4750 337 4813 ut
356 4732 592 4840 intelligeret
612 4730 712 4811 nihil
733 4732 837 4813 fibi
827 4761 868 4812 ιιι
890 4733 986 4815 alios
1013 4733 1146 4828 licere,
1164 4735 1235 4843 qui
