2888 5204
459 549 699 651 Defenfi0.
738 558 857 687 Cap.
891 596 928 650 1.
1210 593 1256 647 21

106 758 291 813 :oronam
321 733 362 812 in
392 732 517 814 triviis
544 732 714 841 elegidia
732 750 903 826 cantant,
923 729 1044 839 quam
1063 748 1260 810 oratorem

106 841 223 939 bunc,
244 845 542 925 lustifimbilem
570 845 715 940 dicam,
735 872 783 924 an
813 844 1096 954 perridiculum
1118 842 1258 951 deplo-

106 957 224 1036 rando
243 959 366 1067 patris
381 957 600 1038 infortunio
619 955 858 1046 adhibuiffe;
884 975 966 1035 tam
985 954 1198 1064 infipidum
1217 973 1258 1034 et

106 1067 306 1163 insulsum,
335 1089 381 1148 ut
410 1097 460 1149 ne
488 1096 540 1148 ex
565 1069 747 1178 lacrymis
766 1068 982 1175 quidem
949 1095 1030 1174 ejus
1046 1069 1151 1146 mica
1170 1065 1256 1145 salis

106 1181 354 1286 exiguissima
372 1182 489 1291 poffit
506 1183 693 1290 exprimi.
753 1179 956 1261 Narrare
939 1207 1025 1286 jam
1045 1178 1183 1271 desrit;
1214 1195 1254 1256 et

106 1294 199 1399 quid
217 1292 362 1372 deiude
381 1312 486 1423 agat,
506 1294 613 1373 dictu
633 1293 721 1373 sane
740 1291 900 1372 difficile
920 1294 998 1385 est;
1029 1289 1127 1370 adeb
1146 1291 1255 1370 lutu-

106 1404 231 1483 lentus
260 1423 300 1484 et
328 1406 500 1485 enormis
529 1405 639 1501 fluit;
670 1432 775 1485 nunc
804 1403 954 1496 fremit,
978 1430 1083 1482 nunc
1101 1401 1252 1495 oscitat,

106 1517 261 1596 nullum
288 1515 486 1625 quidlibet
513 1518 711 1625 garriendi
740 1516 905 1595 modum
926 1514 995 1595 fibi
1026 1515 1172 1607 statuit,
1191 1512 1254 1591 vel

106 1628 231 1709 decies
260 1629 400 1709 eadem
423 1630 639 1740 repetendi,
659 1657 745 1738 quae
764 1656 812 1707 ne
831 1626 950 1706 semel
969 1626 1131 1735 quidem
1150 1626 1254 1704 dista

106 1766 178 1819 non
200 1740 475 1821 sordescerent.
534 1743 588 1821 Et
606 1740 711 1821 certe
731 1740 875 1834 nescio,
890 1766 940 1819 an
957 1738 1166 1818 blateronis
1181 1765 1254 1816 cu·

106 1850 268 1962 luspiam
287 1853 574 1961 extemporales
592 1853 775 1959 quaelibet
794 1878 920 1958 nugae,
936 1877 1062 1959 nugae,
1075 1877 1170 1959 quas
1185 1849 1252 1928 ille

106 1990 181 2044 uno
206 1965 308 2073 pede
329 1964 428 2045 stans
447 1964 641 2044 versiculis
657 1963 758 2044 forte
778 1962 976 2057 effuderit,
997 1987 1075 2040 non
1095 1962 1253 2068 dignio-

106 2103 158 2155 τε
184 2076 316 2155 multo
339 2077 413 2156 fint
431 2103 517 2185 quae
535 2073 669 2155 chartal
688 2075 915 2168 illinantur3
946 2073 1043 2153 adeb
1064 2073 1252 2179 indignis·
1281 2127 1290 2143 .

106 2187 214 2267 fimas
232 2187 307 2268 effe
327 2216 415 2268 reor
426 2186 576 2379 quibus
595 2186 693 2266 scrib
713 2187 1001 2296 respondeatur.
1061 2185 1252 2263 Praetereo

106 2298 206 2407 quod
227 2327 365 2408 regem
383 2329 426 2379 re
426 2299 570 2406 ligionis
581 2302 824 2407 protectorem
842 2298 988 2390 laudat,
1003 2324 1074 2404 qur
1062 2296 1254 2375 ecclesrae

106 2411 254 2491 bellum
282 2412 431 2505 intulit,
457 2428 503 2490 ut
530 2412 733 2540 episcopos
762 2410 962 2519 religionis
983 2406 1110 2487 hostes
1130 2428 1170 2486 et
1190 2427 1253 2515 ty-

106 2549 242 2603 ranuos
263 2523 303 2601 in
323 2522 482 2603 ecclefia
501 2525 699 2603 retineret.
750 2524 967 2602 Puritatem
981 2536 1104 2599 autem
1123 2519 1252 2626 religi-

106 2634 176 2715 mr's
192 2635 267 2744 qui
285 2636 417 2744 potuit
434 2635 467 2714 is
485 2635 725 2728 conservare,
744 2633 793 2713 ab
813 2632 1082 2764 impurissimis
1101 2631 1252 2761 episco-

106 2774 248 2856 porum
276 2745 550 2827 traditionibus
579 2766 619 2826 et
647 2747 888 2826 caeremoniis
913 2744 992 2853 ipse
1011 2744 1122 2823 sub
1106 2772 1253 2852 jugum

106 2857 265 2938 missus?
295 2860 491 2939 Satirarum
505 2857 613 2950 verb,
628 2857 772 2965 quibus
784 2877 827 2938 tu
828 2857 960 2965 sacrt
955 2884 1036 2962 egos
1033 2855 1125 2962 suos
1137 2875 1254 2938 caetus

106 2969 251 3051 tenendi
273 2969 520 3050 licentiam
486 2996 541 3049 ars
569 2969 669 3063 dari,
698 2997 818 3077 quam
839 2969 919 3099 ipsa
939 2969 1154 3048 Hollandia
1173 2998 1252 3049 non

106 3082 183 3177 dat,
202 3109 351 3161 errores
369 3082 492 3162 velim
511 3108 734 3161 enumeres:
757 3083 915 3162 interim
936 3107 1053 3159 nemo
1075 3099 1112 3159 te
1127 3082 1254 3189 magis

106 3193 324 3300 berilegus,
343 3194 414 3301 qui
442 3192 634 3302 perpetub
660 3194 921 3273 maledicendi
941 3192 1143 3301 peffimam
1162 3222 1253 3273 orn-

106 3306 216 3385 nium
249 3304 451 3384 licentiam
482 3305 554 3384 tibi
585 3304 717 3384 sumis.
779 3308 865 3385 Non
887 3323 1065 3415 poterant
1089 3304 1254 3413 gravida

106 3414 283 3527 rempubl.
313 3416 446 3497 laedere
473 3414 582 3524 qudm
611 3415 690 3522 ejus
713 3415 891 3496 dominum
909 3415 1074 3497 tollendo.
1133 3418 1253 3497 Disce
1338 3442 1341 3447 ·

106 3556 237 3623 rema,
256 3527 358 3607 disce
374 3527 568 3634 mastigia,
584 3528 655 3613 nisr
670 3529 879 3607 dominum
895 3529 1014 3622 tollis,
1031 3527 1134 3607 tollis
1146 3556 1252 3607 rem-

129 3639 331 3720 ublicam:
354 3641 503 3749 privata
522 3667 581 3719 res
596 3638 666 3732 est,
681 3665 758 3719 non
773 3640 931 3749 publica
942 3667 1028 3746 quae
1043 3639 1252 3719 dominum

106 3668 237 3833 babet.
295 3753 357 3831 At
378 3752 541 3861 pastores
556 3750 719 3860 facr'rrus
747 3781 871 3832 eorum
900 3750 1146 3831 abominantes
1171 3781 1252 3833 cum

106 3862 242 3945 semma
259 3861 439 3972 injustitia
450 3863 738 3973 pessquuntur.
799 3863 972 3944 Pastores
992 3863 1079 3943 illos
1099 3892 1147 3943 ne
1162 3868 1251 3972 quis

106 3974 208 4057 sorte
231 3974 374 4054 nesciat
391 3975 525 4083 quales
544 3974 631 4069 fint,
651 3975 821 4055 breviter
838 3976 993 4068 dicam;
1023 3976 1145 4055 iidem
1165 3977 1253 4058 sunt

106 4089 175 4197 qui
200 4086 286 4193 regi
315 4086 567 4167 resrstendum
592 4087 711 4166 armis
737 4084 825 4178 effe,
845 4106 885 4166 et
903 4085 1023 4166 verbo
1042 4106 1082 4165 et
1101 4086 1251 4198 scriptis

106 4201 345 4292 docuerunt3
376 4199 446 4306 qui
472 4225 610 4278 omnes
643 4218 831 4305 tanquam
860 4199 1076 4279 Merozum
1111 4200 1251 4281 indefi-

106 4311 436 4392 nenter‘execrari
455 4337 533 4390 non
540 4309 798 4439 destiterunt,
817 4330 1014 4420 quotquot
1033 4309 1127 4389 huic
1147 4312 1251 4393 bello

106 4442 172 4504 aut
190 4448 313 4515 arma,
328 4439 396 4501 aut
408 4423 632 4531 pecuniam,
647 4441 714 4501 aut
725 4422 824 4503 vires
841 4451 917 4503 non
932 4423 1249 4532 suppeditassent,

106 4534 212 4644 quod
246 4533 305 4612 illi
339 4560 417 4615 non
447 4553 583 4613 contra
613 4561 764 4662 regem,
792 4535 856 4613 sed
880 4555 1015 4615 contra
1042 4554 1250 4643 tyrannum

106 4646 219 4727 Saule
245 4645 386 4754 quovis
412 4663 479 4725 aut
504 4643 792 4738 Achabo,1mo
822 4647 985 4725 Nerone
1013 4647 1097 4754 ipso
1118 4650 1251 4727 Nero·

106 4761 259 4843 olorem
278 4754 498 4866 susceptum
519 4754 634 4837 else
623 4784 662 4835 1n
694 4757 949 4840 concionibus
976 4756 1089 4836 sacris
1113 4759 1251 4839 vatici-
