2888 5204
237 595 418 688 Contra
443 589 768 687 Alexandrum
793 593 1001 687 Morum.
1115 633 1193 715 395

44 764 251 873 quaerari83
282 765 444 873 nigrum
471 784 509 846 te
535 767 710 873 aliquem
735 784 892 874 oportet
917 767 1007 861 effe,
1034 765 1197 876 ipsoque

44 903 162 958 moro
182 877 411 986 nigriorem,
435 905 557 986 quem
583 898 642 957 tot
661 897 785 987 poetae
804 879 980 974 oderint;
1013 878 1197 959 festivum

44 1016 209 1098 quoque
227 989 448 1083 hominem,
469 992 538 1097 qui
554 1017 725 1099 quorum
745 987 960 1071 authoritas
979 991 1138 1071 testium
1159 1011 1196 1070 te

39 1101 257 1209 jugulavit,
285 1129 424 1182 eorum
455 1130 561 1181 nunc
591 1103 788 1210 poeticam
817 1103 1056 1210 iniquiorem
1084 1106 1127 1182 in
1159 1121 1203 1191 te,

46 1213 229 1295 causeris.
288 1209 444 1294 Verlrm
463 1214 532 1294 ista
552 1231 590 1293 te
607 1213 793 1295 festivitas
812 1212 914 1293 nihil
934 1217 976 1294 in
994 1214 1072 1295 hoc
1092 1235 1195 1295 tem·

102 1354 145 1405 re
171 1326 384 1432 adjuvabit.
444 1326 639 1406 Permulti
665 1326 753 1405 sunt
782 1328 823 1405 in
852 1326 920 1407 illa
945 1328 1103 1408 civitate
1123 1328 1196 1406 viri

27 1354 307 1539 ,hinestiffimi
328 1439 508 1518 nonnulli
523 1437 754 1546 Prelbyteri,
776 1440 984 1532 Doctores,
1004 1440 1197 1531 Ministri,

47 1549 179 1631 neseio
198 1578 248 1630 an
262 1552 405 1644 Poetae,
426 1553 497 1658 qui
516 1549 701 1630 fabellam
717 1549 790 1629 tibi
806 1548 906 1629 hanc
922 1553 962 1629 in
977 1549 1063 1630 foro
1082 1579 1196 1658 agere

47 1663 241 1791 cupiunt3
271 1663 342 1771 qui
362 1690 441 1741 non
460 1661 525 1742 sua
543 1663 717 1741 carmina
742 1664 918 1755 recitare,
944 1663 1008 1741 sed
1029 1681 1095 1742 tua
1118 1663 1197 1742 cri-

49 1800 160 1854 mrna
185 1801 257 1884 pro
280 1774 504 1856 testimonio
530 1775 658 1853 dicere
682 1775 805 1882 parati
830 1772 1071 1883 jampridem
1097 1773 1196 1856 sunt.

51 1886 190 1966 Nemo
227 1887 279 1967 fic
310 1912 487 1993 unquam
517 1906 675 1994 poetam
705 1886 950 1980 recitantem,
986 1907 1030 1966 ut
1056 1905 1099 1966 tu
1126 1882 1199 1965 hos

49 1987 189 2078 omnes
201 2017 336 2078 contra
351 2016 389 2077 te
402 1998 583 2078 testantes
597 2018 636 2078 et
651 1996 787 2105 fugisti
798 2016 837 2076 et
852 1991 994 2106 fugie's·
1035 1996 1199 2078 Adeone

50 2109 146 2189 vero
158 2110 343 2217 lingulati
358 2111 604 2218 impudentia
619 2110 834 2203 occaluisti,
855 2130 901 2189 ut
920 2110 1138 2192 institutam
1157 2112 1199 2189 in

50 2238 91 2301 te
121 2219 300 2331 legitime
330 2221 616 2303 accusationem
648 2222 943 2316 testatiffimam,
974 2223 1084 2329 cujus
1116 2224 1198 2302 vim

51 2350 172 2442 atque
190 2332 470 2415 authoritatem
489 2330 585 2414 clim
604 2333 787 2413 sustinere
814 2360 892 2412 non
912 2333 1050 2442 poffes,
1076 2334 1199 2413 disce-

51 2446 188 2539 dendi,
200 2466 241 2526 et
251 2448 374 2527 veluti
388 2447 430 2525 in
444 2446 611 2526 exilium
625 2445 794 2525 abeundi
807 2446 1006 2524 licentiam
1019 2446 1200 2538 exorasti,

51 2554 157 2638 hanc
184 2576 228 2638 tu
254 2560 360 2667 quasi
380 2557 568 2666 fabellam
591 2558 835 2668 nescioquam
861 2557 1018 2636 eludere
1048 2576 1088 2637 et
1120 2585 1199 2636 uno

51 2669 174 2750 verbo
192 2670 362 2752 leviculo
382 2671 433 2750 src
447 2671 604 2750 amoliri
619 2669 686 2749 abs
705 2691 743 2749 te
764 2669 867 2778 posse
887 2668 1113 2748 existimes?
1143 2670 1202 2748 At

45 2782 232 2892 permulti
231 2783 345 2887 stant,
358 2783 503 2891 inquis,
518 2781 558 2862 in
576 2784 641 2862 hoc
652 2781 794 2889 Belgio,
807 2780 874 2890 qui
888 2810 943 2860 me
957 2781 1201 2887 Genevaesa-

50 2893 254 2975 militariter
272 2897 328 3001 uſs
342 2895 474 3005 optim>
492 2894 646 2975 omnium
665 2912 802 2974 norunt
817 2891 927 3003 quam
946 2923 1014 2973 non
1034 2893 1088 2973 ibi
1103 2894 1201 2974 nullo

50 3006 91 3086 in
104 3006 229 3115 pretio
232 3006 395 3112 fuerim.
453 3008 562 3086 Audi
583 3008 704 3112 igitur
723 3035 810 3115 quae
824 3007 896 3086 srnt
915 3004 1201 3101 honestissimo:

52 3145 145 3199 rum
160 3116 373 3198 hominum
392 3119 441 3199 de
466 3136 503 3197 te
524 3118 673 3223 judicia
696 3118 827 3227 primo
848 3119 1032 3213 Genevae,
1060 3118 1201 3197 deinde

51 3232 95 3311 in
116 3230 271 3339 Belgio.
332 3233 519 3311 Duorum
535 3231 652 3311 verba
672 3230 752 3341 ipsa
771 3259 821 3310 ex
842 3229 964 3310 literis
984 3229 1202 3340 desumpta,

51 3340 94 3422 in
113 3342 294 3423 medium
314 3341 524 3453 proferam.
550 3370 562 3384 “

152 3518 300 3600 Literae
318 3521 470 3600 Geneva
489 3517 590 3599 datae
601 3518 727 3629 pridie
742 3518 802 3599 Id.
821 3517 972 3599 octobr.
998 3519 1116 3626 1654.

111 3678 257 3761 Mirari
276 3680 380 3762 certe
398 3680 582 3763 nostrates
598 3681 685 3761 satis
701 3707 778 3761 non
792 3678 961 3789 poffunt,
975 3683 1028 3761 ita
1045 3701 1083 3761 te
1099 3684 1201 3762 inte-

52 3792 159 3873 riora
174 3793 300 3901 ignoti
316 3791 409 3874 alias
425 3790 599 3874 hominis
615 3791 734 3887 noffe,
751 3811 832 3872 tam
849 3794 988 3873 nativis
1007 3795 1203 3876 coloribus

52 3904 103 3985 de
133 3902 286 4000 inxifl'e,
303 3925 348 3987 ut
362 3933 411 3985 ne
430 3904 479 3984 ab
500 3905 577 3986 illis
597 3905 775 4013 quidem,
792 3905 935 4013 quibus
955 3903 1203 3986 familiariffi-

54 3932 132 4097 mg
143 4014 232 4096 usus
255 4018 325 4112 est,
352 4038 433 4097 tota
458 4014 632 4097 hominis
657 4015 858 4097 histrionia
884 4017 947 4096 vel
974 4014 1119 4098 certius
1139 4020 1204 4100 vel

54 4125 211 4209 felicius
226 4129 410 4237 potuiffet
429 4129 678 4208 adumbrari:
711 4128 814 4207 unde
835 4126 982 4208 haerent
1001 4129 1144 4211 merito
1165 4151 1206 4215 et

53 4267 131 4348 ego
143 4241 343 4335 cumillis,
358 4240 438 4350 qua
447 4238 577 4320 fronte
588 4238 821 4341 dicrimine
832 4240 925 4320 licet
936 4238 1060 4324 homo
1075 4261 1116 4322 et
1127 4244 1205 4324 oris

54 4350 246 4462 improbi,
265 4353 307 4433 in
322 4353 528 4462 publicum
544 4351 672 4432 rursus
687 4349 886 4432 theatrum
902 4355 1058 4462 prodire
1072 4355 1118 4435 fit
1133 4383 1204 4435 au-

54 4464 180 4547 surus.
240 4465 348 4546 Illud
367 4466 475 4545 enim
495 4466 696 4545 summum
723 4462 935 4544 foelicitatis
962 4485 1037 4545 tuae
1067 4463 1141 4545 hac
1163 4468 1205 4545 in

107 4596 168 4659 rte
181 4577 481 4687 compendium,
497 4579 604 4686 quod
621 4604 698 4657 non
714 4577 777 4656 vel
789 4575 879 4656 fieta
890 4576 952 4655 vel
965 4578 1099 4684 ignota
1113 4575 1206 4658 aliis

83 4689 231 4771 ominis
245 4689 386 4770 scelera
400 4689 591 4782 attuleris,
608 4688 672 4769 sed
688 4716 775 4798 quae
789 4689 972 4768 omnium
989 4706 1029 4768 et
1047 4689 1205 4768 amicis-

51 4800 244 4884 limorum
259 4803 380 4884 etiam
398 4830 465 4882 ore
485 4801 701 4894 decantata,
720 4800 862 4908 integri
884 4820 1007 4881 coetus
1027 4798 1205 4882 authori-
