2888 5204
449 534 690 636 Del'enfi0.
729 543 849 674 Cap.
879 576 925 665 3.
1216 586 1270 663 5¹·

124 718 211 799 viles
230 720 372 813 evexit,
393 719 422 798 fi
440 720 627 802 adventus
646 719 729 825 'ejus
753 739 934 828 tyrannos
959 723 1090 831 potius
1105 723 1152 805 ¹in
1172 720 1274 821 solio,

124 830 718 927 labiliret,Christianosomnes
732 860 871 913 eorum
885 831 1083 914 saeviffimo
1097 835 1273 943 imperio.

124 942 332 1048 irbjiceret.
392 942 480 1053 lpse
508 944 578 1024 sub
605 945 779 1052 tyrannis
810 944 1014 1041 nascend0,
1049 946 1265 1041 serviendo,

124 1056 300 1136 satiendo
320 1084 485 1136 ornnem
504 1054 708 1137 honestam
728 1055 951 1138 libertatem
969 1058 1081 1139 nobis
1102 1059 1266 1165 acquili-

124 1168 193 1247 rit:
226 1187 272 1248 ut
290 1168 395 1278 polle
416 1168 657 1263 servitutem,
684 1169 878 1249 fineceffe
903 1168 973 1264 est,
1000 1198 1111 1278 aquo
1130 1172 1265 1251 animo

124 1279 208 1373 rati,
229 1280 283 1360 src
301 1279 407 1389 poffe
426 1281 475 1360 ad
489 1281 718 1361 'libertatem
735 1277 897 1361 honeste
917 1281 1080 1390 aspirare
1096 1310 1175 1363 non
1193 1281 1264 1361 ab·

124 1390 223 1471 tulit
242 1389 438 1490 Christus,
455 1392 519 1472 sed
538 1392 731 1499 majorem
745 1393 785 1471 in
801 1393 968 1483 modum
983 1393 1106 1473 dedit.
1152 1395 1263 1474 Hinc

124 1502 263 1584 Paulus
283 1530 298 1583 1
321 1504 418 1583 Cor.
433 1527 474 1610 7.
488 1530 566 1584 non
586 1505 635 1584 de
654 1505 879 1612 evangelica
899 1501 1041 1598 solum,
1062 1505 1126 1585 sed
1140 1506 1190 1585 de
1205 1507 1264 1585 ci·

124 1614 181 1695 rili
206 1614 398 1696 libertate
413 1616 464 1696 fic
488 1615 634 1697 statuit.
694 1618 836 1696 Servus
864 1634 1020 1697 vocatus
1046 1616 1119 1696 es?
1147 1646 1192 1696 ne
1205 1619 1267 1723 ſse

124 1724 186 1808 *ibi
198 1728 398 1833 curae,·fin
416 1745 539 1808 autem
551 1746 656 1837 potes
673 1728 767 1808 liber
770 1727 880 1835 fieri,
894 1725 1158 1838 potirlsffutem
1171 1745 1265 1838 prv-

124 1839 163 1918 'r'o
181 1839 277 1919 emti
290 1839 385 1948 estis,
404 1869 450 1919 ne
467 1840 571 1947 estote
574 1840 691 1946 servi
705 1841 899 1921 hominum.
960 1839 1116 1921 Frustra
1142 1841 1265 1948 igitur

124 1949 160 2030 rb
184 1950 376 2061 exemplo
394 1948 544 2031 Christi
566 1950 615 2031 ad
637 1951 863 2032 servitutem
892 1979 962 2031 nos
986 1951 1166 2045 hortaris,
1193 1954 1264 2060 qui
1367 1970 1372 1979 '

124 2061 187 2142 irae
210 2061 405 2144 servitutis
430 2063 556 2173 pretio
582 2063 805 2144 libertatem
830 2064 942 2143 nobis
966 2065 1084 2144 etiam
1105 2064 1265 2144 civilem

124 2172 381 2254 :onfirmavit
441 2177 495 2255 Et
518 2174 690 2255 formam
716 2175 878 2284 quidem
905 2174 1002 2254 servi
1026 2176 1154 2255 nostri
1179 2177 1265 2256 vice

124 2285 295 2395 luscepit,
312 2287 492 2366 animum
512 2286 605 2366 verb
617 2286 833 2381 liberatoris
849 2313 1052 2394 nunquam
1072 2313 1149 2365 non
1170 2288 1265 2366 reti·

124 2398 229 2477 nuit:
252 2399 356 2478 unde
369 2397 435 2501 jus
455 2400 611 2505 regium
630 2400 728 2507 quid
748 2399 807 2492 fit,
829 2397 945 2505 longe
965 2399 1077 2477 aliter
1096 2398 1264 2476 docuiffe

124 2509 332 2603 silendam,
352 2528 471 2618 atque
491 2528 534 2589 tu
554 2510 695 2604 doces;
725 2512 795 2618 qui
815 2537 892 2589 non
913 2511 1027 2616 regii,
1053 2509 1116 2588 sed
1135 2528 1266 2616 tyran-

124 2621 199 2701 nici
212 2620 330 2726 juris,
350 2622 470 2728 idque
491 2622 532 2701 in
552 2623 753 2730 republica
774 2648 896 2701 novus
915 2618 1116 2730 professor,
1141 2622 1168 2700 fi
1188 2649 1266 2729 qua

124 2759 214 2839 gens
232 2750 445 2840 tyrannum
467 2734 543 2812 five
566 2729 868 2826 haereditarium,
895 2732 970 2814 five
990 2732 1265 2828 adventitium,

124 2843 194 2923 five
209 2841 421 2926 fortuitum
437 2844 568 2925 sortita
584 2845 671 2939 erit,
692 2873 780 2924 eam
793 2839 871 2923 non
888 2842 1015 2924 follem
1031 2844 1264 2938 neceffitate‚

124 2954 180 3035 led
199 2956 324 3036 etiam
343 2957 532 3063 religione
548 2955 696 3036 servam
709 2956 782 3035 effe
796 2956 943 3036 statuis.
1003 2957 1103 3037 Tuis
1116 2977 1264 3050 autem,

124 3086 160 3147 rt
173 3062 297 3162 soleo,
313 3069 354 3147 in
371 3088 408 3148 te
423 3086 510 3148 utar
524 3066 767 3147 testimoniis.
827 3069 1088 3174 Interrogavit
1102 3070 1265 3150 Petrum

124 3175 317 3272 Christus,
345 3176 439 3260 clem
464 3178 513 3258 ab
539 3206 587 3258 eo
611 3181 806 3259 coaetores
831 3180 994 3286 quidam
1019 3179 1174 3259 Galilaei
1202 3180 1265 3260 di·

124 3288 309 3370 ltachma
327 3289 552 3398 exigebant,
580 3288 730 3370 Matth.
759 3313 822 3394 17.
838 3286 860 3369 *a
878 3290 1021 3398 quibus
1045 3293 1267 3400 acciperent

124 3427 230 3508 teges
250 3421 359 3482 terrae
376 3402 536 3495 tributa,
563 3400 638 3480 five
662 3401 837 3494 censum,
865 3398 887 3480 ὲ
912 3401 1003 3481 filiis
1028 3400 1117 3496 suis,
1142 3430 1192 3480 an
1216 3401 1265 3481 ab

124 3513 283 3593 alienis?
313 3513 379 3594 res
426 3514 518 3593 ndet
536 3514 572 3592 ei
588 3514 740 3607 Petrus,
767 3511 815 3593 ab
835 3512 988 3606 alienis;
1008 3540 1116 3619 ergo,
1137 3513 1267 3620 inquit

124 3622 318 3719 Christus,
336 3625 369 3704 l·
407 3624 448 3703 ri
448 3625 546 3729 sunt
550 3624 636 3732 filii
639 3657 653 3718 ;
660 3624 735 3731 fid
744 3653 788 3704 ne
801 3623 1024 3732 offindamur
1042 3624 1135 3716 illos,
1155 3621 1204 3702 da
1222 3623 1269 3702 iis

124 3752 187 3818 tro
204 3765 261 3816 me
273 3755 311 3817 et
320 3754 391 3844 pro
402 3756 453 3817 te.
512 3734 631 3815 Varie
644 3734 711 3815 hic
725 3738 833 3816 locus
849 3737 1079 3844 interpretes
1094 3753 1267 3830 exercet,

124 3848 281 3927 :uiuam
291 3847 601 3957 persolverentur
616 3846 697 3927 haec
716 3845 960 3941 didrachma,
973 3847 1040 3926 alii
1060 3846 1268 3928 sacerdoti·

124 3958 196 4039 bus
211 3960 253 4039 in
266 3960 552 4052 Sanetuarium,
569 3959 636 4038 alii
650 3957 788 4038 Caesari
804 3989 814 4037 ε
845 3985 920 4065 ego
934 3959 1097 4066 quidem
1112 3959 1269 4039 Herodi

124 4069 331 4179 persoluta,
355 4068 565 4151 interverso
585 4071 798 4150 Sandiuarii
826 4071 969 4163 reditu,
994 4071 1117 4150 sentio
1141 4069 1266 4155 fuiffe.

124 4182 245 4262 Varia
263 4183 372 4262 enim
389 4183 437 4263 ab
457 4181 620 4261 Herode
640 4200 680 4260 et
694 4181 785 4260 filiis
804 4180 886 4284 ejus
901 4186 1036 4261 exacta
1056 4180 1201 4262 tributa
1220 4181 1269 4261 ab

124 4294 306 4403 Agrippa
324 4294 484 4374 tandem
504 4292 656 4372 remilla
676 4311 803 4373 narrat
818 4291 1026 4403 Josephus.
1085 4293 1179 4372 Hoc
1198 4321 1269 4373 au-

124 4422 206 4485 tem
217 4404 412 4485 tributum
424 4403 540 4514 perse
556 4406 765 4511 exiguum,
782 4404 918 4484 multis
929 4405 1015 4483 aliis
1026 4401 1269 4508 adjunetum,

124 4542 242 4623 grave
253 4535 351 4610 erat,
362 4517 494 4624 gravia
505 4535 639 4596 autem
655 4514 803 4597 fuerint
815 4534 971 4624 oportet
982 4516 1031 4595 de
1047 4515 1190 4622 quibus
1206 4514 1272 4594 hlc

124 4624 308 4708 Christus
327 4628 516 4736 loquitur,
545 4629 708 4736 alioqui,
735 4628 775 4707 in
795 4626 995 4737 republica
1014 4627 1149 4720 etiam,
1173 4654 1273 4735 pau·

124 4766 235 4846 peres
264 4738 393 4848 capite
425 4739 528 4820 cenfi
559 4739 731 4819 fuerunt.
793 4740 903 4819 Hinc
935 4739 1066 4846 itaque
1095 4735 1275 4816 Christus
1395 4797 1400 4806 .
