2888 5204
149 589 202 668 26
428 575 519 669 Pro
546 569 731 706 Populo
755 569 1025 704 Anglicano

148 776 226 856 que
259 748 407 857 flagitia
444 777 585 857 regum
616 748 706 854 jura
743 749 818 828 esse
855 748 1086 829 asseverarit.
1145 750 1301 829 Eorum

147 861 328 970 plerique
348 861 453 971 apud
473 889 557 955 nos,
577 863 648 969 qui
662 862 747 967 regi
763 859 938 941 maxime
950 859 1147 954 favebant,
1163 861 1213 940 ab
1226 857 1302 938 hac

150 994 232 1052 tam
258 975 365 1083 turpi
397 972 585 1052 sententia
612 973 765 1081 semper
792 971 1043 1067 abhorruere,
1078 973 1300 1081 quinetiam

149 1083 245 1194 ipse,
270 1085 447 1164 nondum
475 1085 602 1191 pretio
631 1103 851 1194 corruptus,
875 1083 937 1164 his
961 1087 1011 1165 de
1038 1086 1153 1164 rebus
1180 1081 1300 1190 longe

149 1198 261 1275 aliter
274 1196 419 1276 senfiffe
433 1196 518 1275 aliis
528 1196 770 1305 jampridem
782 1197 931 1305 scriptis
948 1194 1062 1276 facile
1077 1193 1301 1304 deprehen-

149 1309 268 1389 ditur.
328 1307 444 1389 Adeo
464 1327 509 1387 ut
528 1306 609 1387 haec
629 1337 706 1388 non
727 1309 775 1387 ab
795 1306 958 1387 homine
978 1309 1103 1388 libero
1119 1310 1159 1386 in
1175 1308 1301 1387 libera

147 1421 321 1513 civitate,
342 1421 490 1499 nedum
509 1420 550 1497 iu
565 1420 724 1531 Repub.
740 1419 990 1512 nobilissima,
1004 1440 1044 1500 et
1059 1421 1301 1499 Batavorum

149 1532 367 1611 Academia
388 1531 657 1625 celeberrima,
683 1531 813 1611 sedin
839 1531 1033 1640 ergastulo
1060 1532 1203 1641 quovis
1231 1549 1301 1611 aut

149 1644 305 1736 catasta,
323 1662 404 1723 tam
430 1642 559 1722 servili
577 1644 796 1723 vernilitate
819 1643 960 1752 scripta
982 1643 1055 1723 effe
1079 1644 1298 1724 videantur.

150 1756 329 1848 Etenim,
350 1756 377 1835 si
396 1755 586 1864 quicquid
606 1756 690 1862 regi
709 1753 821 1848 libet,
841 1757 881 1835 id
891 1755 981 1860 jure
1003 1757 1113 1863 regio
1140 1755 1298 1834 licitum

148 1868 237 1960 erit,
250 1867 358 1974 quod
371 1869 590 1946 teterrimus
602 1866 669 1946 ille
681 1868 906 1947 Antoninus
920 1868 1120 1947 Caracalla
1132 1867 1180 1946 ab
1194 1866 1297 1946 Iulia

149 1975 315 2057 n'overca
337 2007 408 2088 per
433 1978 624 2057 incestum
649 1978 808 2059 edoctus
832 2007 910 2058 nou
940 1978 1070 2058 statim
1098 1977 1212 2057 ausus
1239 1977 1295 2057 est

148 2090 322 2182 credere,
352 2117 470 2168 nemo
500 2087 676 2199 profesto
709 2090 765 2168 est
798 2109 867 2171 aut
898 2118 1075 2198 unquam
1103 2088 1197 2185 fuit,
1226 2090 1294 2197 qui

148 2218 332 2308 tyrannus
344 2202 424 2280 dici
435 2201 587 2281 debeat.
649 2197 757 2280 Ciam
770 2205 878 2282 enim
889 2204 1022 2282 divina
1034 2203 1294 2310 omniaatque

148 2310 321 2395 humana
334 2314 423 2419 jura
443 2314 618 2405 violavit,
639 2311 765 2392 nihilo
789 2332 920 2394 tamen
948 2311 1079 2394 minus
1102 2341 1187 2408 rerr,
1205 2313 1293 2418 jure

147 2427 258 2533 regio
278 2427 404 2505 insons
424 2427 511 2504 erit.
571 2426 680 2533 Qid
700 2426 808 2504 enim
827 2426 1002 2535 peccavit
1019 2424 1144 2504 homo
1158 2423 1294 2532 aequis-

150 2537 294 2617 fimus?
318 2537 406 2642 jure
435 2536 502 2616 suo
531 2536 619 2616 usus
648 2536 704 2616 est
733 2537 774 2614 in
807 2537 906 2618 suos.
967 2534 1086 2616 Nihil
1110 2564 1181 2616 rex
1213 2555 1292 2615 tam

147 2647 403 2741 horrendum,
425 2666 504 2726 tam
524 2648 697 2741 crudele,
716 2666 875 2755 tamque
895 2647 1084 2727 furiosum
1103 2649 1291 2728 commit-

80 2836 83 2843 .
148 2778 228 2840 tere
245 2761 286 2838 iu
306 2759 392 2839 suos
411 2759 551 2868 potest,
572 2759 678 2867 quod
693 2761 902 2867 praeterjus
916 2761 1071 2869 regium
1086 2759 1171 2839 fieri
1187 2758 1291 2868 quis·

147 2874 256 3010 piam
271 2871 386 2981 poffit
401 2873 514 2978 queri
529 2891 596 2950 aut
609 2871 866 2978 expostulare.
919 2875 1012 2952 Hoc
1025 2891 1069 2951 tu
1071 2870 1142 2978 jus
1151 2871 1294 2979 regium

146 3014 172 3062 α
190 2982 284 3088 jure
307 2984 488 3089 gentium,
514 2984 580 3062 vel
596 2981 722 3092 potitis
750 2984 925 3064 naturali
953 2985 1128 3090 originem
1160 2982 1294 3063 habere

147 3095 280 3175 statuis
299 3094 456 3174 bellua?
513 3095 623 3203 Qid
643 3096 751 3174 enim
771 3093 977 3175 homiuem
998 3116 1035 3175 te
1055 3096 1201 3188 dicam,
1220 3097 1292 3204 qui

146 3208 188 3286 in
208 3235 326 3287 omne
342 3206 552 3286 homiuum
568 3234 706 3314 genus,
721 3206 818 3286 adeo
831 3208 988 3314 iniquus
1000 3228 1040 3287 et
1052 3207 1291 3289 inhumanus

147 3347 212 3411 es;
244 3320 392 3427 quique
422 3347 584 3399 omnem
612 3337 773 3424 gentem
801 3319 1017 3398 humanam
1046 3320 1137 3400 Deo
1168 3319 1291 3399 simil·

146 3431 287 3511 limam
306 3432 357 3511 fic
376 3432 596 3538 deprimere
613 3450 730 3537 atque
745 3431 934 3539 projicere
949 3432 1114 3525 conaris,
1131 3450 1176 3511 ut
1191 3458 1291 3539 quos

146 3571 251 3622 nunc
267 3543 499 3653 superstitio,
515 3569 620 3621 nunc
636 3542 758 3622 scelus
774 3560 840 3622 aut
856 3544 1011 3650 ignavia
1026 3544 1291 3649 quorundam,

145 3678 213 3736 aut
224 3656 395 3764 denique
411 3655 572 3764 perfidia
585 3673 665 3734 tam
678 3653 779 3734 seros
796 3673 913 3762 atque
926 3654 1099 3733 immites
1110 3654 1292 3734 dominos

144 3768 328 3876 gentibus
348 3767 548 3875 imposuit,
568 3793 633 3845 eos
645 3763 667 3845 a
679 3785 814 3844 natura
827 3786 950 3846 matre
966 3766 1291 3846 mitiffimicom-

144 3898 296 3989 paratos
316 3898 432 3984 atque
452 3878 651 3986 impositos
671 3877 745 3956 esse
764 3879 916 3957 doceas.
976 3878 1068 3986 er
1084 3896 1127 3957 tu
1143 3877 1291 3957 nefarii

145 3989 322 4071 doctrin&
340 3990 469 4069 multo
482 3989 567 4095 jam
594 3986 803 4068 ferociores
830 3988 966 4082 fastos,
987 4018 1066 4069 non
1089 3986 1216 4069 solium
1242 3988 1291 4068 ad

143 4102 397 4212 proterendos
424 4129 562 4181 omnes
589 4101 789 4193 mortales,
807 4120 847 4180 et
874 4101 1033 4210 posthac
1048 4101 1291 4181 miseriorem
1312 4187 1320 4203 ‚

143 4218 186 4295 in
205 4214 372 4293 modurn
392 4213 675 4293 conculcandos
695 4214 894 4306 immittis,
905 4213 978 4293 ‚sed
995 4214 1083 4320 jure
1106 4214 1289 4306 naturali,

136 4327 226 4434 jure
255 4327 380 4433 regio,
411 4325 499 4435 ipsis
529 4326 648 4405 etiam
678 4325 817 4434 populi
845 4325 999 4434 legibus
1029 4325 1068 4403 in
1094 4327 1290 4434 populum

143 4466 308 4531 armare,
333 4466 412 4544 quo
437 4435 538 4516 nihil
572 4437 686 4516 srmul
720 4437 872 4517 stultius
903 4456 943 4516 et
970 4436 1190 4518 sceleratius
1214 4436 1290 4515 effe

142 4549 283 4664 potest,
300 4550 517 4629 contendis.
573 4549 732 4654 Dignus
745 4548 922 4657 profesto
937 4550 1008 4656 qui
1023 4568 1158 4629 contra
1172 4532 1311 4657 atqub'

141 4667 241 4747 olim
261 4661 472 4769 Dionysius
487 4689 537 4740 ex
551 4663 810 4768 grammatico
826 4681 1010 4769 tyrannus
1026 4660 1107 4769 ipse
1123 4661 1189 4755 fis;
1212 4688 1290 4741 non

142 4808 223 4888 quo
251 4774 323 4855 tibi
351 4775 392 4854 in
419 4774 542 4854 alium
565 4772 746 4881 quemvis
770 4773 884 4854 detur
908 4773 976 4853 illa
999 4774 1108 4881 regia
1132 4771 1291 4862 licentia
