2888 5204
476 553 715 655 Defensm.
755 563 874 691 Cap.
908 593 985 654 10.
1229 577 1306 682 165

149 731 351 812 cubuisse:
372 761 422 813 ne
434 733 557 813 animi
573 733 792 844 praesentiae,
808 762 894 843 qua
909 734 949 813 in
964 751 1091 815 morte
1105 735 1306 843 quibusvis

149 840 310 952 evulgo
326 845 513 925 maleficis
528 873 743 956 permagna
754 845 849 955 saepe
861 846 931 938 est,
948 847 1118 926 nimium
1132 848 1303 929 tribuas:
1367 914 1373 928 .

149 955 249 1066 &pe
279 957 495 1067 desperatio
525 978 592 1038 aut
618 958 848 1039 obfirmatus
879 959 1033 1038 animus
1064 957 1304 1041 fortitudinis

151 1070 352 1176 quandam
369 1069 538 1180 speciem
553 1089 593 1150 et
611 1070 718 1179 quafi
737 1069 941 1180 personam
957 1070 1100 1164 induit,
1115 1070 1209 1182 saepe
1224 1073 1304 1153 stu-

149 1210 224 1289 por
246 1182 561 1291 tranquillitatis:
592 1184 716 1263 videri
736 1182 773 1262 se
790 1182 927 1275 bonos,
944 1183 1173 1292 intrepidos,
1190 1185 1304 1265 iuno-

151 1312 300 1388 centes,
313 1295 512 1375 interdum
529 1314 569 1375 et
587 1294 735 1375 sanctos
752 1295 904 1403 peffimi
916 1297 1065 1404 quique
1079 1322 1157 1375 non
1171 1295 1303 1377 minirs

152 1408 193 1485 in
214 1425 343 1486 morte
363 1403 483 1516 quim
499 1408 539 1486 in
556 1407 637 1486 vita
653 1408 845 1516 cupiunt;
876 1407 996 1515 inque
1017 1407 1097 1516 ipsa
1113 1407 1303 1490 scelerum
1432 1504 1437 1513 ι

152 1518 315 1599 suorum
333 1520 491 1629 capitali
504 1547 619 1628 poena
631 1518 754 1599 solent
767 1519 951 1598 ultimam
963 1519 1219 1600 fimulationis
1231 1521 1304 1600 suae

151 1650 192 1710 et
211 1630 414 1725 fraudum,
426 1660 548 1739 quam
563 1631 718 1740 poliunt
729 1629 1012 1739 speciofiffime,
1025 1659 1216 1741 pompam
1229 1635 1303 1713 du·

148 1771 264 1838 cere;
286 1762 340 1837 et,
359 1742 483 1823 veluti
501 1751 626 1852 poe'tae
645 1761 711 1823 aut
731 1740 934 1822 histriones
954 1743 1171 1837 deterrimi,
1188 1745 1301 1855 plau·
1428 1760 1436 1774 '

150 1855 240 1936 sum
259 1858 301 1935 in
319 1854 402 1964 ipso
420 1857 529 1935 exitu
550 1853 855 1935 ambitiofiffime
883 1874 1052 1963 captare.
1112 1858 1236 1937 Nunc
1254 1883 1304 1939 aa

151 1969 257 2078 ssata
276 1967 499 2078 quaestionem
509 1966 713 2076 pervenisti
736 1984 774 2046 te
795 1966 865 2061 ais,
891 1965 966 2076 qud
990 1967 1228 2048 nudandum
1255 1970 1304 2079 est
1369 1980 1378 1991 '

149 2083 301 2191 quinam
300 2079 459 2188 fuerint
473 2080 574 2163 illius
588 2079 703 2186 regia
715 2077 1015 2159 condemnationis
1026 2081 1217 2190 praecipui
1231 2111 1303 2162 au·

148 2193 290 2274 thares.
342 2193 450 2271 Cum
465 2193 514 2271 de
531 2210 568 2271 te
584 2187 716 2302 potius
732 2191 1013 2299 inquirendum
1028 2192 1086 2283 fit,
1098 2195 1302 2300 quomodo

150 2327 210 2399 tu,
231 2304 356 2384 homo
372 2322 543 2396 exterus,
561 2324 601 2385 et
620 2302 848 2383 Gallicanus
868 2331 969 2394 erro,
986 2304 1034 2382 ad
1049 2304 1303 2410 quaestionem

148 2418 200 2497 de
209 2417 325 2497 rebus
336 2415 567 2509 nostris,tibi
576 2435 658 2497 tam
669 2411 1047 2509 alienis,habendam
1060 2419 1301 2524 perveneris?

148 2559 232 2639 quo
252 2529 381 2639 pretio
397 2529 581 2637 emptus?
610 2524 750 2607 verbm
771 2528 819 2606 de
838 2555 885 2605 eo
906 2520 992 2606 satis
1017 2526 1179 2607 constat.
1238 2531 1302 2609 Te
1429 2605 1436 2618 ,

147 2640 244 2722 verb
262 2659 558 2750 percontantem
578 2641 626 2719 de
646 2640 761 2718 rebus
781 2638 918 2717 nostris
937 2639 1026 2747 quis
1045 2637 1210 2719 demum
1228 2643 1302 2723 do·

146 2756 260 2835 cuit?
290 2752 362 2863 ipfi
378 2752 569 2833 nimirum
585 2750 772 2861 perfugae,
789 2769 829 2829 et
842 2751 1060 2859 perduelles
1075 2754 1221 2860 patriae,
1233 2755 1304 2863 qui

146 2888 189 2948 te
202 2864 411 2948 hominem
426 2865 676 2944 vaniflimum
690 2863 793 2942 naeii
809 2863 990 2942 mercede
1003 2864 1051 2942 ad
1065 2864 1303 2945 maledicen-

146 2980 249 3059 dum
264 2976 381 3057 facile
395 2978 655 3058 adduxerunt.
715 2976 821 3055 Data
844 2973 984 3055 deinde
1006 2975 1079 3055 tibi
1102 2977 1157 3056 est
1173 2978 1304 3087 aliqua

146 3110 219 3172 aut
230 3088 434 3170 furibundi
445 3088 663 3197 cujuspiam
675 3086 852 3167 sacellani
865 3085 1132 3197 semipapistae,
1148 3109 1215 3169 aut
1227 3090 1303 3169 ser-

146 3203 291 3282 vientis
311 3202 444 3295 aulici,
465 3203 513 3281 de
539 3201 639 3280 statu
665 3227 798 3279 rerum
818 3197 1118 3308 scriptiuncula;
1149 3229 1238 3281 eam
1259 3222 1303 3283 ut

146 3313 271 3396 latine
290 3334 456 3394 verteres
472 3314 678 3421 negotium
698 3311 770 3390 tibi
786 3310 948 3391 dabatur
963 3343 973 3393 ε
1005 3309 1098 3392 hinc
1115 3314 1193 3393 istae
1213 3342 1302 3394 nar-

146 3429 318 3508 rationes
336 3424 536 3519 confediae,
561 3452 671 3532 quas,
691 3423 719 3502 fi
738 3424 906 3517 videtur,
934 3421 1099 3534 paulum
1123 3428 1301 3505 excutia-

147 3567 253 3621 mus.
311 3540 359 3618 In
382 3539 479 3617 hanc
505 3535 828 3618 condemnationem
852 3565 922 3616 non
945 3554 1097 3616 centena
1118 3537 1302 3641 millafima

139 3670 242 3762 pars
254 3650 387 3760 populi
400 3648 582 3756 conserfit.
643 3647 755 3839 Qdd
771 3674 866 3754 ergo
885 3649 1026 3741 caeteri,
1043 3648 1114 3755 qui
1133 3648 1207 3728 sese
1228 3677 1301 3731 no·

145 3762 319 3844 lentibus
344 3781 497 3842 tantum
522 3760 671 3841 facinus
723 3759 780 3839 eri
803 3759 890 3839 sunt
913 3760 1034 3869 paffi?
1063 3787 1113 3838 an
1137 3760 1300 3870 stipites,

147 3902 200 3955 an
220 3874 348 3956 trunci
367 3871 594 3965 hominum,
609 3900 658 3951 an
674 3869 774 3951 forte
790 3871 923 3979 quales
939 3871 998 3951 illi
1019 3872 1061 3950 in
1080 3871 1189 3953 scena
1205 3874 1300 3955 Vir-

145 3988 310 4097 giliana,

263 4140 469 4250 Purpurea
488 4135 628 4217 intexti
643 4135 779 4216 tollunt
797 4136 922 4216 aulaea
937 4137 1155 4218 Britanni?
1287 4221 1289 4224 ,

145 4316 249 4399 Non
267 4313 376 4394 enim
391 4340 502 4392 veros
518 4329 561 4392 tu
575 4311 739 4419 quidem
756 4312 977 4407 Britannos,
995 4313 1059 4394 sed
1074 4316 1200 4424 piCtos
1216 4319 1302 4398 nes-

144 4430 212 4508 cio
223 4454 337 4535 quos,
348 4426 411 4505 vel
423 4426 544 4505 etiam
558 4451 630 4503 acu
643 4423 767 4532 pidos
777 4424 919 4503 videris
932 4424 1034 4504 mihi
1043 4427 1144 4507 velle
1156 4429 1299 4510 dicere.

147 4542 259 4620 Cum
282 4538 417 4646 itaque
437 4535 666 4617 incredibile
687 4535 732 4614 fit
751 4554 913 4642 gentem
932 4535 1157 4618 bellicosam
1178 4537 1199 4618 i
1220 4561 1301 4622 tam

142 4652 296 4765 paucis,
318 4650 441 4758 iisque
460 4647 607 4729 infimis
627 4648 675 4728 de
694 4647 809 4756 plebe
829 4647 908 4743 sua,
930 4647 999 4729 sub
1012 4650 1158 4757 jugum
1178 4652 1300 4747 mitti,

140 4764 254 4876 quod
269 4764 311 4845 in
328 4761 547 4845 narratione
563 4778 630 4841 tua
646 4761 823 4869 primum
840 4763 1025 4856 occurrit,
1039 4762 1079 4840 id
1095 4761 1169 4843 effe
1184 4762 1304 4844 fallis-
