796 1583
280 288 393 313 Defensio
406 272 519 313 Secunda,
646 299 685 320 329

108 333 199 353 aerarium
204 333 329 360 etveffigalia
332 334 367 360 qui
373 340 415 353 rem
421 333 475 354 suam
480 334 563 361 turpiter
568 333 686 360 prodegere?

108 361 149 381 illis
155 361 246 389 publicos
252 361 332 385 reditus,
339 369 388 388 quos
394 362 542 389 depeculentur,
548 368 598 388 quos
604 368 628 381 ex
635 361 686 389 pub-

109 389 154 409 licis
160 390 246 417 privatos
254 389 349 409 reddant?
359 396 383 409 an
392 390 508 416 legissatores
515 394 537 409 ut
545 390 575 409 illi
585 389 687 417 extemplb

110 418 175 444 gentis
182 417 274 438 univerfie
280 417 333 441 fiant,
339 418 374 444 qui
381 418 416 445 ipsi
424 418 472 445 quid
479 418 571 444 lex,quid
577 417 687 445 ratio‚quid

110 445 140 465 sas
150 450 183 466 aut
192 445 232 472 jus,
240 446 316 465 rectum
324 451 357 465 aut
366 453 457 469 curvum,
465 446 543 466 licitum
550 450 584 466 aut
594 446 686 466 illicitum

110 474 141 497 fit,
147 480 249 501 nunquam
256 474 402 494 intellexerint?
411 474 446 501 qui
453 473 568 501 potestatem
578 481 660 494 omnem
666 474 687 494 in

110 502 212 526 violentia,
222 502 355 529 dignitatem
350 509 370 522 in
381 502 469 529 superbia
480 507 538 529 atque
548 501 625 522 fastidio
636 502 687 529 pofi-

111 535 153 550 tam
157 529 283 550 existiment?
291 530 345 557 Qj'
340 537 360 550 un
364 530 435 550 Senatu
442 530 492 550 nihil
498 530 552 557 prius
558 535 623 557 agant,
626 529 687 557 quam

111 563 135 578 ut
144 558 213 578 amicis
225 557 283 585 prave
293 558 435 585 gratificentur,
447 558 533 578 inimicis
542 565 640 578 memores
652 558 687 578 ad-

111 586 224 606 versentur?
239 586 275 613 qui
287 586 408 613 propinquos
417 586 452 606 fibi
462 593 484 606 ac
494 586 615 609 neceffarios,
624 586 687 606 tribu-

111 614 144 637 tis,
158 614 285 641 imperandis,
297 614 354 634 bonis
367 614 516 642 proscribendis,
529 621 563 641 per
577 614 686 641 provincias

112 642 235 666 substituant,
246 642 336 662 homines
347 642 449 669 plerosque
459 643 507 662 viles
516 649 538 662 ac
549 642 642 669 perditos,
652 642 688 669 qui

112 670 190 690 suarum
200 670 236 697 ipfi
244 670 358 690 auctionum
368 670 456 693 sectores,
464 670 560 697 grandem
570 670 641 690 exinde
652 677 687 697 pe-

112 699 192 718 cuniam
202 703 281 731 cogant.
291 699 379 718 coastarn
389 698 522 722 intervertant,
534 698 688 726 Rempublicam

112 726 211 750 fraudent,
222 726 331 753 provincias
340 726 435 753 expilent,
443 726 461 746 se
468 726 596 754 locupletent,
603 726 626 746 ad
636 733 687 754 opu-

111 755 195 774 lenu’am
202 759 261 781 atque
269 754 341 774 sasturn
351 761 376 774 ex
387 754 513 774 mendicitate
522 753 612 774 hesterna
619 761 641 774 ac
649 754 688 774 sor-

111 782 170 802 dibus
185 782 283 810 repentini
300 783 415 809 emergant?
436 782 480 809 quis
495 782 542 802 tales
558 782 608 802 serat
624 782 687 802 servos

112 810 196 834 furaces,
207 811 335 830 dominorum
346 811 442 830 vicarios?
457 811 500 837 quis
511 810 561 838 ipsos
574 810 641 830 furum
651 811 687 830 do-

112 839 178 859 minos
194 845 217 859 ac
231 844 330 866 patronos,
346 838 440 858 libertatis
453 839 534 858 idoneos
546 838 588 858 fore
600 838 688 859 custodes

111 866 225 890 crediderit,
250 872 283 887 aut
300 866 407 887 illiusmodi
425 866 546 887 curatoribus
566 866 689 899 Reipublicae

112 895 228 922 (quingenti
240 894 286 915 licet
298 894 390 915 consueto
400 901 483 914 numero
493 894 529 914 fint
538 902 564 914 ex
574 895 688 922 municipiis

111 923 205 943 omnibus
215 922 284 943 hunc*
278 930 298 942 in
309 923 392 942 modum
402 922 467 947 eleffi)
492 922 519 942 ilo
527 922 545 942 se
555 922 630 943 sakkum
638 923 689 943 libe-

112 951 187 971 riorem
193 955 257 978 putet,
265 950 312 971 cum
320 956 340 971 et
348 950 443 971 libertatis
451 929 491 978 qni)
494 950 582 970 custodes
590 956 610 971 et
617 951 688 978 quibus

112 979 223 999 custoditur
233 983 274 999 tam
284 979 342 1006 pauci
352 984 395 999 tum
404 979 440 998 sint
447 978 516 1001 futuri,
522 979 557 1006 qui
564 978 653 999 libertate
660 979 688 998 uti

111 1011 172 1034 etque
181 1006 221 1027 frui
230 1006 262 1026 vel
272 1007 333 1027 sciant
342 1007 373 1026 vel
381 1007 437 1033 digni
447 1007 496 1026 lint?
512 1006 611 1026 Libertate
622 1012 688 1027 autem

112 1035 198 1062 indigni,
206 1035 261 1062 quod
268 1035 401 1055 omittendum
409 1034 509 1062 postremo
517 1041 556 1054 non
562 1035 598 1058 est,
604 1042 650 1061 erga
657 1035 688 1062 ip-

113 1063 143 1083 sos
159 1063 248 1090 primum
263 1063 376 1083 liberatores
395 1062 519 1090 ingratissimi
538 1062 579 1083 sere
595 1063 688 1083 existunt.

113 1092 167 1124 Qs
177 1098 229 1111 nunc
240 1090 309 1111 talium
320 1098 355 1118 pro
365 1091 454 1111 libertate
462 1097 557 1118 pugnare,
567 1095 601 1111 aut
610 1091 642 1110 vel
650 1091 689 1111 mi-

113 1120 193 1140 nimum
208 1119 261 1139 adire
277 1119 389 1147 periculum
403 1119 450 1139 velit
458 1119 465 1139 ἲ
480 1126 519 1139 non
534 1119 634 1143 convenit,
650 1126 689 1139 non

113 1147 166 1167 cadit
179 1148 200 1167 in
214 1147 261 1167 tales
277 1147 314 1167 effe
330 1147 414 1170 liberos;
430 1152 474 1167 utut
484 1147 594 1167 libertatem
605 1147 690 1175 strepant

113 1180 173 1203 atque
177 1175 259 1202 jaetent,
266 1175 314 1195 servi
322 1175 365 1195 sunt
372 1180 392 1195 et
400 1175 455 1195 dorni
463 1180 482 1195 et
488 1175 542 1199 soris,
549 1182 586 1195 nec
592 1175 688 1199 sentiunt,

113 1208 133 1224 et
139 1210 187 1224 cum
195 1203 286 1223 senserint
292 1204 379 1227 tandem,
385 1208 405 1223 et
411 1203 466 1223 velut
472 1202 587 1223 ferocientes
593 1204 639 1231 equi
646 1203 689 1223 frae-

113 1239 164 1252 num
177 1231 309 1264 indignantes,
322 1239 361 1252 non
371 1239 420 1251 verae
433 1231 527 1251 libertatis
540 1239 607 1251 amore
620 1232 690 1258 (quam

113 1259 165 1280 solus
174 1260 205 1279 vir
213 1259 277 1280 bonus
287 1259 338 1279 τεᾶς
348 1259 412 1287 potest
422 1259 521 1286 appetere)
529 1259 561 1279 sed
571 1259 660 1286 superbia
670 1264 690 1279 et

113 1287 256 1320 cupiditatibus
266 1288 330 1315 pravis
342 1287 429 1319 impulfi,
438 1287 511 1314 jugum
525 1293 617 1308 excutere
630 1294 690 1307 cona-

112 1316 196 1339 huntur,
208 1315 284 1336 etiamsi
298 1315 357 1335 armis
371 1322 413 1335 rem
424 1315 489 1342 saepius
502 1316 626 1339 tentaverint,
640 1315 690 1335 nihil

112 1349 180 1365 tamen
187 1343 298 1371 proficient;
308 1349 383 1364 mutare
390 1343 502 1363 servitutem
509 1343 585 1364 fortasse
591 1348 690 1371 poterunt.
