2888 5204
148 233 229 320 394
396 194 622 295 Authoris
645 234 732 331 pro
756 196 801 293 se
826 195 1053 295 Defcnfio

147 395 207 456 tot
221 374 369 483 lepidas
383 373 558 468 fabellas,
574 374 645 482 qui
658 398 780 452 unam
795 370 922 454 sollum
936 391 1122 469 retexere,
1138 373 1296 457 horten-

149 489 230 568 sem
245 487 436 566 nimirum
450 486 574 579 illam,
591 478 791 595 tantopere
803 505 984 592 gravatus
996 487 1057 566 fis.
1119 488 1221 569 Sane
1230 492 1296 598 qui

148 601 234 680 illas
261 600 349 678 lites
378 599 570 703 Junonias
595 625 748 690 omnes,
776 599 846 705 qui
871 597 939 676 illa
963 598 1100 707 jurgia
1128 601 1296 681 Salmatii

149 709 448 822 praetermiseris,
473 711 544 819 qui
571 710 749 819 pralium
778 710 878 789 illud
903 711 1036 790 nobile
1058 713 1293 793 Pontianum

146 821 249 905 mihi
268 824 384 903 tantis
403 819 676 931 rebusparbm
695 821 837 901 idoneo
858 821 1076 931 reliqueris,
1095 826 1168 932 qui
1187 825 1293 904 deni-

148 963 226 1044 que
247 952 371 1014 totam
392 934 502 1014 illam
523 935 671 1014 Pontiae
691 933 861 1014 Sestiada
880 936 980 1015 ficco
1006 937 1110 1044 pede
1128 939 1293 1046 praeteri-

147 1049 236 1141 eris,
263 1046 475 1156 prateribis
503 1048 644 1155 opinor
672 1045 824 1125 lilentio
843 1047 1114 1127 Tibaltianam
1140 1077 1292 1158 quoque

148 1159 273 1253 illam,
289 1178 328 1238 et
345 1158 451 1238 illius
470 1184 596 1267 nuper
609 1157 752 1238 domus
767 1159 1047 1253 calamitatem,
1060 1161 1133 1238 ubi
1149 1181 1193 1240 tu
1208 1188 1291 1270 pro

148 1298 222 1351 cax
252 1273 292 1350 in
320 1270 521 1363 ancillam,
550 1270 726 1379 proditor
749 1269 789 1349 in
816 1269 959 1349 herum
985 1273 1176 1353 extitisti:
1208 1300 1290 1353 nam

149 1383 314 1478 ancillis,
335 1401 380 1463 ut
399 1383 568 1475 videtur,
592 1407 831 1490 quocunque
851 1382 972 1476 vadis,
993 1383 1154 1464 nullum
1173 1385 1289 1465 abste

148 1494 350 1601 refugium
369 1494 438 1573 est.
497 1496 712 1573 Tacebitur
731 1512 771 1574 et
789 1495 907 1573 vidua
921 1494 1003 1587 illa,
1019 1523 1146 1603 quam
1162 1516 1221 1592 tu,
1239 1497 1289 1577 so·

148 1606 233 1687 latii
253 1628 340 1685 tum
359 1606 513 1714 plenus,
535 1633 639 1686 nunc
659 1607 786 1714 inops,
806 1603 901 1686 cium
927 1607 976 1686 de
1000 1611 1147 1688 marito
1166 1608 1289 1689 reclus

149 1739 306 1798 mortuo
322 1717 422 1796 velle
437 1717 627 1798 consolari
641 1745 718 1827 prae
733 1737 772 1797 tc
783 1716 947 1812 ferebas,
960 1718 1044 1822 ejus
1061 1722 1289 1830 pudicitiam

148 1828 305 1911 tentatie
319 1829 484 1910 diceris:
516 1831 558 1910 N
563 1856 607 1909 ec
620 1831 725 1910 dices
738 1831 856 1909 credo
868 1832 947 1938 qua
957 1833 1080 1911 domo
1092 1835 1290 1940 egredien-

147 1962 229 2023 tem
242 1961 386 2022 tecum
402 1942 526 2022 scorto
543 1941 776 2052 intempesta
793 1945 905 2022 nocte
920 1944 1217 2024 Amsterodami
1232 1945 1290 2025 illa

149 2055 293 2135 mulier
312 2055 434 2150 vidit3
465 2082 552 2163 quae
570 2054 732 2133 delinita
751 2051 928 2162 primum
947 2056 1290 2166 pollicitationibus

147 2168 239 2262 tuis,
261 2193 357 2246 mox
375 2169 554 2277 decepta,
576 2165 779 2246 uoviffime
804 2192 951 2247 nomen
975 2186 1090 2247 tuum
1116 2170 1166 2249 ad
1187 2168 1290 2250 Pres-

148 2280 304 2389 byteros
323 2279 487 2374 detulit;
517 2282 588 2386 qui
608 2296 724 2358 tuum
744 2304 888 2391 nomen
909 2282 1098 2389 recipere,
1119 2284 1228 2390 quod
1245 2281 1290 2361 ob

146 2393 277 2501 priora
296 2390 468 2475 facinora
491 2391 729 2496 ejiciendum
747 2418 799 2470 ex
822 2391 889 2470 suo
908 2391 1046 2474 ordine
1066 2413 1107 2473 et
1126 2395 1290 2474 circum·

147 2503 395 2584 scribendum
416 2501 647 2597 statuebant,
668 2530 715 2580 ne
735 2506 850 2583 audio
870 2502 1025 2598 scelere,
1046 2501 1144 2585 cum
1162 2506 1289 2615 augeri

147 2642 263 2726 poena
288 2632 354 2694 tua
377 2641 456 2692 non
481 2615 617 2723 pollet,
641 2634 849 2721 augeretur
868 2616 1014 2696 ordinis
1035 2615 1215 2712 infamia,
1235 2647 1289 2698 re·

147 2726 341 2807 cusaruut.
403 2727 515 2838 Qid
534 2729 656 2834 ergo?
686 2755 736 2807 an
755 2756 838 2836 quae
844 2728 992 2839 fecssis
1005 2758 1075 2809 uno
1091 2758 1175 2809 cum
1180 2729 1289 2840 servo

146 2840 286 2921 itinera
316 2842 504 2920 nocturna
535 2840 602 2920 illa
628 2866 771 2948 nempe
800 2841 919 2947 Haga
947 2841 1116 2921 Leidam
1176 2843 1289 2952 esteris

146 2948 357 3033 narrares?
387 2979 435 3030 ne
455 2948 531 3029 hoc
547 2951 710 3058 quidem
727 2952 781 3032 sat
799 2950 891 3046 scio,
908 2954 1036 3034 voles:
1068 2982 1211 3035 verum
1230 2955 1288 3035 illa

147 3065 275 3146 servus
303 3063 383 3173 ipse
415 3063 551 3172 paffim
578 3063 736 3173 copiose
759 3083 899 3157 narrat,
926 3086 966 3145 et
990 3068 1190 3174 permulta
1221 3067 1288 3147 alia

147 3176 327 3286 praeclare
340 3175 457 3254 abste
473 3175 602 3282 gesta:
634 3195 769 3254 caetera
781 3175 866 3282 jam
885 3178 1078 3258 tritiffima
1093 3178 1288 3288 plurimis·

146 3319 224 3398 que
245 3317 314 3398 per
327 3316 373 3368 ea
388 3287 473 3366 loca
486 3287 645 3366 testibus
657 3287 902 3369 confirmata.
961 3292 1052 3398 Age
1068 3290 1189 3387 νειὸς
1211 3291 1289 3401 post

146 3401 431 3482 dubitationem
452 3397 539 3479 sane
559 3399 739 3478 miseram
758 3427 845 3506 quae
867 3417 905 3480 te
932 3403 1172 3511 perplexum
1193 3423 1287 3484 tam·

146 3515 214 3593 diu
233 3533 351 3620 atque
369 3511 592 3621 suspensum
605 3513 745 3604 tenuit,
760 3512 846 3620 post
862 3515 920 3592 tui
936 3510 1089 3620 fugam,
1105 3515 1191 3624 qud
1209 3534 1287 3596 tau·

143 3627 238 3705 dem
272 3622 405 3730 fugis?
454 3622 535 3731 qub
566 3622 614 3701 ad
643 3641 869 3703 extremum
904 3643 942 3703 te
981 3627 1152 3735 recipis?
1183 3626 1286 3736 fidei,

144 3738 289 3845 inquis,
296 3734 459 3845 publicet
472 3753 701 3815 monumenta
712 3734 949 3840 reficiamus.
979 3738 1081 3817 Aeta
1096 3757 1166 3819 tua
1176 3740 1287 3820 credo

136 3850 222 3956 jam
242 3848 414 3957 publica,
440 3875 526 3954 quae
551 3848 592 3925 iu
615 3846 860 3928 Bibliotheca
882 3848 1176 3931 Genevenfium
1196 3880 1286 3931 enu-

143 3979 290 4041 merata
306 3977 467 4039 centum
483 3987 606 4069 prope
618 3959 805 4051 articulis,
821 3979 978 4039 tuorum
996 3960 1188 4044 scelerum
1205 3992 1286 4044 mo·

143 4090 330 4154 numenta
361 4070 575 4180 posteritati
607 4069 817 4153 servantur.
877 4074 922 4152 A
951 4075 1104 4154 Geneoa
1130 4076 1285 4184 exorsus,

142 4188 287 4294 inquis,
288 4181 474 4293 fabellam
492 4182 604 4288 nescio
623 4212 731 4291 quam
744 4199 940 4292 poetarum
957 4185 1194 4269 authoritate
1195 4187 1287 4295 sub·

141 4303 267 4382 nixam
285 4295 456 4406 estreis.
489 4295 523 4374 F
525 4322 617 4374 erax
639 4315 681 4373 tu
697 4296 862 4404 quidem
882 4296 1065 4378 saeculum
1082 4321 1285 4410 poetarum

140 4413 253 4504 dicis,
285 4411 354 4517 qui
387 4425 446 4487 tot
469 4435 544 4488 uua
570 4408 611 4487 in
644 4407 754 4501 urbe,
789 4406 938 4516 tibique
968 4438 1107 4493 omnes
1132 4412 1286 4495 infestos
