2888 5204
350 578 532 669 Contra
558 572 882 670 Alexandrum
909 576 1119 670 Morum.
1222 611 1275 688 40
1280 613 1301 693 ς

142 746 301 854 Neque
320 746 414 827 vero
434 750 503 844 est,
524 750 550 828 fi
571 747 652 829 haec
682 778 760 829 non
786 751 918 843 ellent,
940 778 1011 829 cur
1038 748 1152 855 hujus
1176 778 1303 858 operae

141 876 219 939 aut
238 859 429 966 poenitere
459 889 538 954 me,
560 883 627 940 aut
654 863 790 970 pigere
817 889 1045 969 quenquam
1073 862 1209 954 alium,
1231 862 1301 939 nifi

142 968 354 1050 conscium
370 971 538 1066 sibimet,
554 974 704 1053 debeat.
741 972 839 1053 Sane
853 975 1053 1082 improbos
1065 975 1299 1080 vituperare,

143 1098 190 1160 et
214 1079 337 1161 bonos
364 1083 535 1197 laudare,
556 1085 877 1193 quandoquidem
904 1084 981 1163 hoc
1008 1087 1159 1192 praemii
1187 1084 1301 1163 nobi·-

144 1192 301 1286 liffimi,
336 1194 434 1274 illud
464 1223 589 1304 poenae
616 1198 844 1303 graviffimae
874 1198 1067 1277 rationem
1093 1193 1225 1289 habet,
1261 1213 1302 1274 et

143 1302 262 1413 aeque
286 1305 437 1409 justum
457 1327 496 1386 et
520 1307 679 1413 justitiae
697 1307 820 1417 prope
848 1308 1000 1387 summa
1025 1308 1105 1386 est:
1137 1310 1235 1415 quin
1262 1327 1302 1386 et

144 1417 200 1497 ad
213 1417 336 1497 vitam
352 1417 452 1498 bene
465 1420 742 1499 instituendam
757 1449 827 1529 par
839 1417 921 1499 fere
939 1440 1188 1499 momentum
1204 1421 1302 1497 utri-

146 1525 276 1639 usque
295 1531 505 1613 eernimus.
566 1532 626 1610 Ita
654 1533 824 1639 denique
852 1550 1026 1638 cognatae
1051 1531 1154 1609 inter
1179 1530 1216 1608 se
1242 1526 1302 1608 hae

145 1640 239 1721 duae
257 1666 317 1720 res
336 1641 437 1735 sunt,
458 1639 616 1750 unoque
630 1662 670 1721 et
688 1643 830 1722 eodem
844 1670 962 1751 opere
978 1640 1243 1734 absolvuntur,
1256 1660 1301 1720 ut

147 1750 427 1861 improborum
461 1756 711 1862 vituperatio,
753 1753 989 1863 proborurn'
1009 1753 1088 1831 dici
1128 1752 1301 1832 laudatio

150 1863 451 1970 quodammodo
470 1866 596 1974 poffit.
655 1861 809 1946 Verum
835 1885 878 1945 ut
897 1866 963 1971 jus
989 1882 1031 1943 et
1057 1866 1156 1944 ratio
1184 1881 1300 1972 atque

151 1973 242 2054 usus
272 1975 482 2084 utrobique
511 2006 581 2085 par
609 1977 667 2071 fit,
694 2005 772 2057 non
801 1977 940 2057 itidem
969 1977 1025 2054 est
1053 2004 1123 2085 par
1150 1979 1299 2083 gratia:

152 2089 339 2195 namqui
357 2088 525 2167 alteru'm
544 2090 753 2199 vituperat,
774 2089 941 2168 duarum
968 2089 1000 2168 is
1025 2116 1105 2168 uno
1125 2108 1302 2198 tempore

151 2199 465 2305 graviffimarum
487 2230 621 2280 rerum
646 2229 744 2280 onus
768 2221 886 2308 atque
911 2201 1101 2279 invidiam
1130 2200 1301 2292 sustinet,

152 2328 194 2389 et
207 2310 413 2390 accusandi
432 2311 615 2406 alterum,
633 2332 672 2391 et
692 2314 740 2391 de
760 2312 796 2392 se
816 2310 914 2391 bene
930 2311 1132 2391 sentiendi.
1164 2313 1300 2417 Itaque

156 2421 318 2502 laudant
329 2421 444 2502 facile
458 2450 562 2503 nunc
574 2424 793 2518 boni,nunc
806 2423 900 2502 mali
912 2422 1171 2529 dignosjuxta
1185 2442 1301 2529 atque

152 2532 361 2641 indignos3
391 2536 566 2615 accusare
587 2564 705 2615 nemo
725 2533 846 2615 libere
866 2557 983 2643 atque
1004 2533 1213 2641 intrepide,
1232 2533 1300 2612 nih

155 2645 258 2727 solus
278 2647 446 2754 integer,
460 2647 521 2727 vel
541 2648 658 2728 audet
677 2647 739 2726 vel
759 2647 897 2756 potest.
959 2646 1046 2727 Nos
1065 2647 1133 2755 qui
1154 2645 1302 2724 adoles-

154 2774 287 2838 centes
307 2777 366 2838 tot
384 2758 453 2838 sub
473 2760 666 2866 magistris
693 2761 862 2838 exudare
890 2760 932 2837 in
953 2756 1093 2837 umbra
1112 2757 1301 2866 eloquen-

154 2870 252 2948 tiam
272 2869 453 2965 solemus,
474 2873 636 2978 vimque
662 2872 743 2977 ejus
770 2869 1114 2950 demonstrativam
1138 2872 1179 2948 in
1198 2872 1301 2948 vitu-

152 2982 354 3090 peratione
375 2980 478 3062 haud
497 2980 642 3077 minus,
655 2980 777 3091 quim
793 2984 835 3062 in
851 2982 964 3061 laude
980 2982 1214 3062 arbitramur
1227 2982 1301 3060 elie

153 3092 334 3201 positam,
351 3114 603 3202 tyrannorum
622 3097 782 3203 antiqua
801 3096 962 3174 nomina
977 3093 1131 3174 fortiter
1147 3092 1233 3173 sane
1253 3095 1301 3174 ad

153 3204 337 3313 plutetun
357 3207 617 3286 concidimus.
677 3210 729 3286 Et
744 3206 1014 3299 Mezentium,
1035 3207 1062 3284 fi
1083 3205 1162 3285 fors
1185 3204 1299 3299 ferat,

152 3316 302 3425 putidis
322 3318 475 3399 rursum
495 3318 696 3398 antithetis
716 3345 949 3412 enecamus3
981 3337 1049 3396 aut
1067 3318 1300 3424 Agrigenti-

152 3442 253 3506 num
274 3427 474 3510 Phalarim
494 3431 592 3509 tristi
618 3429 961 3537 enthymematum
987 3429 1159 3536 mugitu,
1180 3425 1300 3536 quim

153 3541 196 3619 in
217 3539 286 3619 suo
306 3559 432 3635 taur0,
452 3539 681 3649 exquisitius
709 3562 915 3621 torremus.
974 3543 1021 3620 ln
1048 3540 1160 3648 xysto
1181 3541 1302 3618 nimi-

153 3679 245 3730 rum
264 3670 332 3731 aut
355 3654 396 3730 in
417 3653 614 3763 palaestrh:
647 3655 797 3733 namin
819 3651 1041 3761 Republica
1068 3653 1302 3760 plerumque

152 3763 247 3843 tales
267 3763 472 3844 adoramus
488 3762 619 3873 potiirs
639 3785 678 3844 et
696 3766 880 3856 colimus,
900 3786 939 3843 et
959 3763 1242 3873 potentiffimos
1261 3783 1301 3842 et

153 3875 351 3956 maximos
367 3896 406 3955 et
421 3877 704 3983 augustiffimos
722 3877 979 3986 appellamus.
1039 3877 1166 3984 Atqui
1182 3904 1300 3983 opor-

155 3988 232 4066 tuit
251 4007 318 4067 aut
337 4016 415 4066 non
436 3990 476 4066 in
504 3989 655 4068 ludicro
674 3990 846 4097 primam
868 3986 949 4067 fere
968 4004 1120 4066 aetatem
1139 3988 1300 4068 umbra-

152 4098 241 4178 tiles
265 4098 552 4209 consumpfill'e,
580 4119 647 4179 aut
673 4101 882 4208 aliquando
906 4097 1002 4179 elim
1030 4100 1176 4208 patriae,
1205 4099 1299 4180 clun

154 4208 401 4317 Reipublicae
428 4213 484 4304 est
509 4240 622 4320 opus,
654 4213 798 4292 relictis
829 4211 1005 4304 rudibus,
1035 4213 1075 4290 in
1106 4210 1227 4292 solem
1255 4241 1300 4293 ac

153 4323 360 4430 pulverem
371 4340 487 4431 atque
505 4325 633 4404 aciem
648 4325 806 4417 audere3
828 4322 1038 4431 aliquando
1052 4352 1161 4403 veros
1176 4324 1300 4404 lacer·

154 4453 213 4513 tos
241 4434 492 4529 contendere,
522 4465 612 4515 vera
650 4464 756 4515 arma
786 4434 950 4528 vibrare,
981 4463 1119 4515 verum
1148 4433 1301 4515 hostem

153 4564 301 4656 petere.
362 4548 476 4626 Parte
495 4547 570 4627 alin
591 4547 769 4628 Suffenos
789 4565 829 4626 et
847 4546 1072 4656 Sophistas;
1104 4547 1178 4625 alia
1199 4545 1301 4626 Pha·

152 4657 276 4738 risaeos
288 4676 328 4737 et
341 4661 520 4738 Simones
533 4660 818 4767 etHymenaeos
834 4679 873 4738 et
888 4658 1302 4751 Alexandros,veteres

155 4770 318 4878 quidem
336 4772 438 4865 illos,
455 4773 584 4851 multo
601 4799 788 4852 mucrone
807 4770 1063 4849 infestamur:
1095 4766 1303 4852 hodiernos
