2888 5204
145 200 219 280 ¹72
424 164 515 253 Pro
542 154 726 289 Populo
752 151 1022 285 Anglicano

138 336 241 415 hanc
260 333 413 440 regiam
430 332 596 413 omnino
617 333 852 440 pertineant,
872 350 914 409 et
931 356 977 407 ea
1002 326 1088 408 fere
1110 326 1179 406 lint
1192 348 1257 432 que

140 447 262 576 risum
281 447 413 556 potius
431 465 499 526 aut
516 463 797 556 contemptum
814 440 982 548 cujusvis
999 438 1124 550 quim
1139 435 1260 518 resuta·¹
1304 434 1311 443 ’

139 581 288 639 nonem
310 577 545 638 mereantur.
931 586 938 597 ·
1308 576 1317 583 ·

590 936 724 1015 CAP.
756 933 837 1012 XI.

158 1318 165 1333 .
217 1222 259 1317 Α
363 1221 472 1316 mali,
502 1222 684 1330 quamvis
720 1219 831 1299 nullo
864 1245 958 1298 cum
987 1217 1156 1327 pudore,
1191 1238 1269 1296 cum
1312 1251 1317 1291 r

150 1336 174 1424 j
225 1408 234 1437 Ἰ,
297 1357 322 1399 ¹
362 1335 494 1442 aliqua
513 1353 646 1413 tamen
665 1330 901 1413 conscientia
914 1328 1116 1410 futilitatis
1131 1348 1270 1410 tuaac·-

155 1442 190 1483 ’“
212 1444 226 1477 ’
251 1440 313 1486 “’
362 1445 514 1525 cedere.
546 1447 776 1526 Cumenim
788 1441 968 1523 hocloco
978 1442 1271 1552 perquirendum

143 1562 215 1640 tibi
233 1557 478 1667 proposueris
489 1587 564 1668 qua
579 1557 811 1638 authoritate
824 1556 1127 1664 pronuntiatum
1136 1554 1274 1659 detege
1311 1656 1314 1661 Ι

141 1670 275 1764 suerit,
296 1668 495 1776 subjungis
514 1670 623 1779 quod
645 1667 721 1749 ite
740 1695 860 1748 nemo
878 1666 1129 1775 expectabat,
1132 1662 1275 1775 frustm

143 1781 185 1862 id
197 1782 322 1891 quaeri
330 1812 344 1874 ;
366 1782 512 1862 scilicet
524 1781 713 1891 quaestioni
719 1781 806 1861 huri
815 1779 886 1860 vrit
899 1779 1016 1858 locum
1031 1778 1276 1888 reliquitque*

142 1896 232 1975 litas
244 1894 424 1974 hominum
435 1894 503 2004 qui
517 1893 704 2003 idfecere.
745 1894 854 1973 Cum
866 1892 1003 1999 igitur,
1018 1886 1144 2000 quam
1157 1918 1198 1972 es
1209 1890 1278 1969 ima·

143 2008 321 2117 portunit
338 2009 411 2086 atis
430 2025 471 2085 et
490 2008 743 2115 impudentiae
761 2007 803 2083 in
823 2003 896 2083 hac
919 2000 1032 2082 causa
1050 1998 1280 2113 suscipienda

93 2148 96 2153 ·
142 2139 383 2229 compertus,
406 2138 487 2197 tam
507 2119 552 2198 fis
572 2119 817 2196 nuncetiam
837 2115 1084 2223 loquacitatis
1105 2114 1181 2194 tibi
1194 2139 1281 2195 uou-

142 2231 256 2324 scius,
277 2229 325 2309 eb
352 2228 459 2309 ime
483 2229 640 2310 brevius
666 2226 891 2339 responsum
917 2226 1030 2308 feres.
1088 2222 1283 2336 Qaerenti

136 2343 221 2448 jam
248 2342 322 2422 tibi
348 2343 424 2450 qud
448 2342 681 2422 authoritate
704 2340 801 2420 ordo
820 2338 997 2448 plebeius
1015 2337 1080 2418 vel
1096 2335 1285 2444 judicarit

143 2453 223 2562 ipse
239 2481 389 2562 regem,
406 2456 469 2534 vel
484 2453 570 2533 aliis
586 2456 627 2535 id
636 2454 836 2560 judicium
850 2451 1061 2558 delegavit,
1076 2450 1286 2561 responden

143 2566 347 2675 supremas:
379 2565 603 2675 supremam
630 2564 968 2674 quemadmodum
993 2560 1193 2658 habuerit,
1216 2562 1287 2643 do-

142 2677 289 2759 cebunt
305 2698 342 2758 te
360 2704 405 2755 ea
418 2707 504 2787 quae
518 2699 611 2758 tunc
631 2676 653 2757 l
672 2705 737 2757 me
754 2676 857 2755 dieta
874 2676 975 2770 sunt,
995 2703 1090 2755 cum
1106 2693 1146 2754 te
1164 2669 1287 2786 suprl,

144 2787 218 2869 hac
244 2789 325 2900 ipsa
351 2789 399 2869 de
428 2819 470 2870 re
500 2792 678 2897 gnaviter
708 2789 968 2898 ineptientem
997 2787 1287 2894 redarguerem.

144 2901 265 3010 de
293 2901 320 2980 sr
345 2900 417 2980 tibi
442 2902 578 2982 saltem
600 2903 791 2992 crederes,
811 2899 916 3009 polle
941 2920 979 2979 te
1003 2898 1087 2979 ullo
1111 2917 1291 3008 tempore

143 3015 250 3121 quod
268 3013 354 3092 satis
373 3012 429 3091 est
448 3014 594 3108 dicere,
612 3042 692 3094 non
712 3013 850 3093 eadem
869 3012 982 3112 toties
1001 3030 1158 3091 cantare
1178 3012 1291 3091 odio·

143 3123 282 3205 fiffime
298 3124 450 3204 soleres.
509 3126 612 3206 Aliis
628 3144 762 3206 autem
773 3125 953 3231 delegare
970 3123 1077 3203 suam
1083 3122 1291 3229 judicandi

141 3237 374 3346 potestatem
394 3237 490 3317 ordo
509 3238 685 3348 plebeius
704 3237 842 3317 eadem
859 3234 948 3317 sane
971 3237 1121 3315 ratione
1144 3237 1292 3345 potuit,

143 3378 221 3457 qua
236 3368 277 3429 tu
292 3377 441 3457 regem,
456 3352 526 3457 qui
540 3369 580 3431 et
592 3349 672 3459 ipse
684 3376 847 3429 omnem
860 3347 1092 3458 potestatem
1103 3344 1126 3426 ὲ
1139 3347 1292 3458 populo

143 3463 309 3570 accepit,
327 3461 491 3541 eandem
511 3463 596 3542 aliis
612 3461 792 3569 delegare
812 3460 978 3570 potuisse
996 3459 1109 3539 dicis.
1171 3459 1290 3540 Unde

145 3573 184 3649 in
202 3572 269 3649 illa
281 3571 428 3650 solenni
442 3575 716 3667 conventione,
729 3601 850 3682 quam
865 3571 977 3652 nobis
992 3570 1187 3677 objecisti,
1198 3600 1292 3653 cum

143 3682 300 3788 Angliae
316 3701 404 3763 tum
418 3686 556 3765 Scotiae
569 3686 714 3766 summi
730 3685 885 3765 ordines
902 3681 1082 3791 religiose
1102 3683 1291 3791 profiten-

144 3812 207 3872 tur
227 3821 271 3873 ac
290 3793 495 3902 spondent,
515 3825 560 3876 ea
583 3797 621 3877 se
641 3796 833 3907 supplicia
856 3797 904 3876 de
924 3794 1195 3905 perduellibus
1216 3794 1291 3876 effe

142 3904 378 4013 sumpturos,
390 3904 521 4014 quibus
540 3909 703 4018 utrtsque
717 3909 827 4016 genti
834 3908 993 4018 potessas
999 3904 1291 4016 judict‘artiasra·

135 4034 283 4126 prema,
309 4036 379 4096 aut
406 4016 473 4126 qui
494 4017 542 4098 ab
568 4049 612 4099 ea
637 4019 841 4128 delegatam
859 4019 1073 4129 potestatem
1097 4018 1295 4132 accepturi

142 4148 266 4223 erant,
298 4129 522 4238 plectendos
544 4130 780 4236 judicarent.
839 4132 967 4212 Audis
993 4128 1059 4211 hlc
1089 4131 1292 4242 utriusque

143 4241 270 4349 gentis
286 4243 473 4321 Senatum
493 4245 570 4323 und
585 4273 680 4326 voce
700 4244 906 4325 testantem
922 4242 959 4323 se
973 4242 1078 4354 polle
1097 4243 1207 4325 suam
1223 4273 1293 4326 au·

142 4353 369 4435 thoritatem
391 4353 653 4459 judiciariam,
677 4386 798 4466 quam
810 4356 1028 4466 supremam
1050 4356 1124 4466 ipsi
1151 4375 1292 4441 vocant
