2888 5204
468 550 709 651 Defensm.
749 560 868 688 Cap.
900 590 945 680 3.
1232 574 1284 680 63

131 727 234 807 tibus
248 730 422 838 propriis
441 728 551 809 suam
564 729 599 808 se
619 730 783 810 tolerare
799 729 1037 810 libertatem.
1079 729 1287 812 Relabitur

125 837 213 944 jam
236 840 287 921 ad
308 839 512 922 Rabbinos
533 842 790 950 nugivendos.
850 843 1006 950 Regem
1033 842 1188 949 legibus
1216 845 1286 923 ad-

130 951 312 1033 turoam
327 950 403 1033 effe
423 972 555 1061 negat,
579 954 696 1035 exiis
716 973 848 1035 tamen
872 954 1011 1062 probat
1036 953 1134 1059 laesae
1154 955 1286 1062 majes-

127 1064 224 1145 tatis
241 1093 348 1146 reum
364 1064 431 1174 effe
441 1065 552 1175 paffe,
557 1067 603 1174 st
605 1063 677 1172 jus
681 1065 797 1171 suum
809 1065 990 1174 patiatur
1006 1065 1197 1146 imminui:
1227 1068 1286 1147 as·

128 1177 269 1257 erictus
288 1178 422 1287 itaque
440 1197 482 1258 et
500 1204 580 1257 non
604 1177 793 1271 astrictus,
819 1205 906 1257 reus
933 1198 974 1257 et
992 1206 1071 1257 non
1099 1206 1187 1257 reus
1215 1208 1285 1260 rex

128 1289 233 1371 erit:
264 1288 364 1369 adeo
382 1287 610 1399 frequenter
631 1291 739 1370 enirn
766 1289 863 1368 solet
885 1317 1103 1399 repugnare
1128 1288 1212 1383 fibi,
1241 1311 1285 1371 ut

128 1399 212 1510 ipsa
218 1400 500 1512 Repugnantia
512 1398 608 1482 huic
619 1401 775 1482 homini
786 1429 972 1509 germana
984 1421 1102 1510 atque
1114 1403 1285 1510 gemella

129 1512 206 1593 effe
225 1514 419 1593 videatur.
468 1513 595 1621 Atqui
610 1515 739 1608 Deus,
756 1514 902 1623 inquis,
919 1514 1044 1593 multa
1064 1541 1183 1621 regna
1195 1515 1285 1594 Ne-

129 1621 452 1707 buchadnezzari
469 1626 511 1705 in
531 1625 758 1706 servitutem
777 1626 899 1705 dedit.
959 1627 1102 1704 Fateor
1126 1627 1175 1704 ad
1199 1653 1285 1705 cer·

130 1756 220 1817 tum
240 1754 399 1846 tempus
418 1736 576 1831 dediffe,
593 1738 675 1841 Jer.
695 1762 812 1845 ²727·
834 1734 986 1842 Anglos
1002 1737 1042 1816 in
1059 1736 1284 1817 servitutem

133 1847 452 1929 CaroloStuarto
465 1849 514 1929 ad
533 1847 812 1929 semihorulam
831 1846 973 1928 dedisse
991 1848 1172 1943 ostende3
1194 1878 1285 1958 per·

131 1959 275 2039 mififfe
293 1988 374 2041 non
394 1961 635 2069 negaverim,
649 1959 793 2041 dediffe
809 1988 1012 2069 nunquam
1023 1961 1169 2042 audivi.
1200 1964 1285 2042 Aut

132 2071 159 2151 fi
180 2073 297 2153 Deus
315 2072 357 2152 in
372 2072 598 2154 servitutem
614 2073 680 2154 dat
698 2073 910 2182 populum,
926 2074 1080 2181 quoties
1101 2093 1285 2180 tyrannus

133 2183 224 2292 plus
243 2184 395 2294 populo
419 2184 558 2294 potest,
583 2212 654 2265 cur
678 2211 757 2264 non
782 2183 888 2264 idem
911 2183 1075 2265 liberare
1099 2185 1286 2266 dicendus

131 2296 222 2390 erit,
239 2297 396 2404 quoties
410 2297 499 2406 plus
516 2296 642 2406 potest
663 2296 832 2405 populus
860 2299 1051 2402 tyranno?
1081 2325 1128 2375 an
1150 2298 1181 2376 is
1195 2298 1286 2379 Deo

134 2407 383 2515 tyrannidem
409 2407 533 2502 suam,
565 2435 635 2488 nos
659 2411 750 2487 Deo
776 2407 997 2488 libertatem
1025 2406 1195 2486 nostram
1219 2436 1284 2487 ac-

132 2538 295 2630 ceptam
325 2548 403 2601 uon
434 2518 634 2601 feremus?
665 2519 762 2599 Non
792 2520 848 2599 est
879 2519 1031 2599 malum
1063 2519 1102 2597 in
1129 2519 1287 2600 civitate

133 2632 244 2740 quod
262 2632 375 2713 Deus
388 2659 470 2712 non
483 2632 690 2725 immittat,
710 2633 837 2712 Amos
857 2658 895 2738 3.
922 2629 1085 2725 famem,
1102 2630 1286 2740 pestilen-

135 2744 249 2838 tiam,
261 2742 508 2838 seditionem,
521 2742 698 2839 hostem3
720 2743 873 2851 ecquod
885 2771 978 2822 nam
993 2741 1138 2824 horum
1153 2744 1288 2825 civitas
1303 2756 1308 2769 '

133 2854 184 2935 ab
204 2854 242 2936 se
261 2883 342 2936 non
362 2857 453 2937 totis
473 2855 621 2936 viribus
639 2855 876 2935 amolietur?
908 2853 1025 2935 faciet
1044 2853 1237 2963 profedtd,
1259 2858 1286 2938 fi

132 2964 267 3076 poffit,
287 2969 467 3076 quamvis
489 2966 537 3048 ab
556 2966 640 3077 ipso
661 2968 752 3047 Deo
772 2966 940 3046 immitia
963 2964 1045 3046 haec
1069 2966 1144 3046 effe
1169 2966 1285 3048 sciat:

135 3078 250 3161 nisrd
270 3080 372 3161 coelo
390 3078 472 3189 ipse
491 3078 598 3159 secus
609 3078 773 3183 jufferit.
811 3080 897 3159 Cur
916 3105 994 3157 non
1015 3098 1197 3186 tyrannos
1216 3108 1287 3187 pa-

136 3191 234 3273 riter
247 3191 461 3287 amovebit,
483 3191 615 3299 fiplus
634 3190 808 3299 polleat?
838 3218 888 3269 an
906 3189 988 3295 ejus
1013 3191 1129 3270 unius
1154 3192 1286 3300 impo-

136 3304 305 3384 tentiam
322 3303 372 3383 ad
389 3330 604 3385 commune
627 3302 780 3383 malum
806 3301 880 3381 effe
904 3301 1030 3410 magis
1049 3298 1073 3380 a
1091 3303 1183 3382 Deo
1201 3331 1287 3383 cre·

134 3415 292 3508 demus,
307 3412 430 3525 quam
448 3415 666 3525 potentiam
687 3415 805 3495 totius
824 3414 992 3494 civitatis
1011 3412 1059 3492 ad
1075 3441 1288 3496 commune

136 3526 318 3608 bonum?
347 3525 462 3607 Abfit
479 3523 502 3605 a
519 3525 757 3620 civitatibus,
776 3525 873 3606 abfit
890 3524 939 3606 ab
958 3526 1070 3605 omni
1088 3543 1193 3606 coetu
1212 3524 1288 3607 ho·

137 3640 298 3721 minum
318 3638 584 3747 ingenuorum
609 3638 793 3719 doctrinae
818 3656 899 3717 tam
927 3637 1101 3746 stupida,
1128 3655 1289 3746 tamque

137 3748 333 3861 pestiferae
350 3750 470 3845 labes,
489 3779 576 3860 quae
594 3750 717 3829 vitam
740 3777 904 3830 omnem
928 3748 1087 3828 civilem
1112 3746 1290 3832 funditus

137 3862 261 3957 delet,
276 3882 439 3971 gentem
451 3859 669 3943 humanam
680 3860 899 3941 universam
914 3879 1076 3970 propter
1091 3888 1217 3941 unum
1231 3881 1290 3943 at-

136 4002 218 4085 que
237 3974 407 4057 alterurn
426 3991 651 4081 tyrannum,
670 3972 719 4052 ad
738 3971 1040 4082 quadrupedum
1055 3973 1178 4082 prope
1193 4002 1290 4056 con-

137 4086 335 4167 ditionem
353 4085 549 4166 detrudit:
570 4112 665 4166 cum
684 4085 744 4164 illi
762 4084 876 4193 supra
890 4111 1052 4163 omnem
1068 4084 1200 4191 legem
1219 4115 1291 4167 ex·

138 4198 231 4279 celfi
251 4225 323 4307 par
340 4197 382 4277 in
402 4217 600 4306 utrunque
614 4223 738 4303 genus
749 4214 790 4276 et
805 4197 1005 4304 pecudum
1021 4214 1061 4274 et
1079 4192 1290 4279 hominum

134 4310 203 4418 jue
223 4327 346 4418 atque
370 4308 583 4418 imperium
607 4307 855 4390 obtinebunt.
914 4308 1041 4388 Mitto
1063 4305 1148 4410 jam
1177 4310 1293 4391 stulta

139 4422 210 4502 itta
228 4420 474 4516 dilemmata,
501 4422 539 4499 in
560 4419 705 4530 quibus
724 4437 770 4500 ut
794 4439 832 4499 te
848 4418 985 4525 jaciet,
1014 4418 1142 4499 nescio
1170 4450 1292 4530 quem

140 4532 278 4643 fingit,
296 4533 509 4643 potestatem
526 4532 627 4613 illam
642 4531 971 4640 supereminentem
985 4529 1029 4611 de
1048 4533 1181 4640 populo
1198 4535 1293 4615 velle

140 4645 350 4754 intelligere
357 4676 372 4737 ,·
393 4645 543 4725 tametfi
563 4644 755 4724 affirmare
772 4672 850 4723 non
869 4642 1008 4722 dubito
1028 4670 1191 4722 omnem
1206 4672 1292 4724 ma-

140 4758 325 4866 gistratus
344 4754 623 4838 authoritatem
642 4753 665 4835 a
685 4755 834 4864 populo
851 4753 1055 4864 proficisci.
1097 4754 1207 4834 Hinc
1221 4756 1293 4835 Ci-
