2888 5204
398 588 637 696 Defensio.
676 601 798 731 Cap.
826 631 873 723 3.
1158 634 1211 718 73

54 772 252 885 suffragiis
271 774 446 886 profecta
468 776 602 888 primb
624 796 742 886 atque
763 779 950 857 inunum
975 804 1025 857 ex
1048 774 1116 856 suo
1136 803 1212 855 nu-

54 914 170 967 mero
191 889 365 969 derivata
384 909 490 971 erat:
521 889 690 999 potestas
717 888 766 969 ab
786 915 835 968 eo
854 890 925 997 qui
944 887 1128 994 injuriam
1150 890 1213 967 in-

54 998 164 1093 tulit,
190 1000 240 1080 ad
258 1028 354 1081 eum
372 1002 443 1109 qui
463 1000 647 1107 injuriam
666 1000 722 1080 est
747 1001 874 1109 pallus
893 1000 1105 1110 aequisfima
1124 999 1212 1108 lege

54 1110 256 1207 transrret3
286 1139 381 1193 cum
407 1115 545 1194 tertius
570 1140 690 1194 nemo
712 1113 815 1193 inter
841 1109 1023 1194 homines
1047 1112 1211 1193 idoneus

54 1222 130 1302 esse
159 1223 289 1333 pollit,
318 1224 581 1334 alienigenam
611 1227 720 1305 enim
741 1224 918 1330 judicare
945 1226 1033 1333 quis
1060 1224 1212 1305 ferret?

55 1363 198 1416 omnes
221 1334 330 1445 aequb
353 1334 545 1441 homines,
562 1337 715 1445 legibus
741 1355 980 1431 tenerentur,
1000 1364 1082 1445 quo
1112 1334 1212 1415 nihil

47 1447 193 1554 justius
207 1448 282 1529 else
298 1449 450 1559 potest:
481 1451 593 1530 Deus
607 1448 783 1530 mortalis
797 1476 916 1530 nemo
928 1449 1034 1529 esset.
1074 1451 1211 1557 Qem

53 1560 125 1669 qui
145 1561 250 1640 inter
269 1558 450 1642 homines
469 1561 685 1655 constituit,
707 1589 785 1641 non
806 1556 938 1641 minius
958 1562 998 1640 in
1026 1560 1209 1670 rempub.

54 1670 236 1753 scelestus
255 1673 327 1768 est,
341 1670 463 1783 qudm
482 1674 524 1753 in
540 1673 771 1754 Ecclesiam.
830 1674 931 1752 Tuis
951 1674 1097 1752 iterum
1116 1673 1211 1752 inte

54 1786 178 1865 armis
204 1803 305 1866 utar.
364 1785 577 1866 Maximam
601 1785 756 1890 haerefin
778 1782 843 1893 offe
861 1785 932 1879 ais,
950 1814 1025 1895 qua
1043 1780 1212 1865 creditur

55 1924 171 1978 unum
189 1897 362 1977 hominem
376 1898 416 1978 in
430 1899 503 1979 loco
516 1896 819 2006 Chrplistdere:
839 1894 924 1976 dua
937 1898 997 1977 ha
1010 1914 1108 1976 nota
1122 1899 1210 1976 An-

55 2008 445 2118 tichrssumſsgnant,
464 2008 716 2118 irp‘allibilitar
735 2008 773 2087 in
778 2007 1060 2116 spiritualibus,
1080 2025 1117 2090 ct
1136 2037 1211 2089 om-

55 2121 261 2230 nipotentia
280 2121 318 2202 in
337 2121 610 2231 temporalibus,
631 2122 835 2230 Apparatu
861 2120 909 2200 ad
933 2121 1094 2203 Primat.
1114 2148 1208 2231 pag.

61 2257 154 2340 ¹7¹·
184 2235 253 2314 An
266 2234 399 2341 Reges
414 2232 659 2314 infallibiles?
691 2234 777 2312 Cur
791 2259 886 2341 ergo
897 2234 1210 2343 omnipotentes?

55 2362 125 2426 aut
148 2344 178 2425 fi
202 2343 280 2426 hoc
301 2344 403 2440 sunt,
423 2373 494 2426 cur
513 2342 656 2426 minbs
672 2343 850 2425 exitiales
874 2344 989 2424 rebus
1011 2344 1210 2439 civilibus,

56 2453 181 2566 quiun
201 2458 309 2567 Papa
328 2457 618 2568 spiritualibus?
676 2459 742 2537 An
758 2455 851 2536 verb
863 2458 981 2561 Deus
996 2484 1055 2536 res
1075 2456 1210 2536 civiles

57 2567 214 2679 prorsus
229 2596 309 2649 non
324 2571 462 2650 curat?
492 2570 520 2650 fi
540 2597 617 2650 non
638 2588 762 2662 curat,
776 2566 881 2648 certe
895 2596 964 2648 nos
978 2596 1113 2649 curare
1131 2596 1209 2648 non

57 2679 272 2790 prohibet?
302 2681 330 2761 fi
356 2700 481 2776 curat,
508 2681 673 2762 eandem
700 2682 740 2758 iu
771 2681 993 2791 Republica
1019 2679 1211 2762 reforma·

57 2793 211 2873 tionem
230 2811 349 2901 atque
368 2795 409 2874 in
425 2793 598 2875 Ecclefia
616 2791 703 2873 vult
721 2792 830 2886 fieri;
861 2792 1072 2901 praesertim
1097 2795 1124 2872 fi
1149 2794 1211 2873 in-

59 2902 342 2986 fallibilitatem
369 2925 410 2987 et
438 2905 771 3016 omnipotentiam
800 2906 1028 2985 attributam
1056 2903 1210 2985 homini

59 3016 217 3099 easdem
247 3017 445 3099 malorum
468 3019 650 3098 omnium
676 3016 859 3124 utrinque
885 3015 1014 3096 causas
1037 3017 1111 3097 effe
1139 3046 1212 3096 ex-

60 3129 263 3239 ploratum
289 3130 349 3210 sit.
408 3131 506 3210 Non
529 3129 638 3209 enim
661 3129 701 3208 in
727 3128 894 3236 negotiis
917 3128 1098 3209 civilibus
1121 3156 1211 3209 eam

61 3242 294 3350 patientiam
305 3243 512 3352 praecepit3
535 3262 579 3321 ut
592 3239 833 3320 saevisfimum
846 3239 1066 3347 quemlibet
1079 3261 1211 3349 tyran·

62 3380 162 3433 num
175 3351 392 3463 respublica
408 3352 542 3448 ferret,
556 3352 727 3432 Ecclesia
747 3380 826 3431 non
841 3349 984 3447 ferret3
1016 3351 1099 3432 imb
1114 3381 1211 3433 con·

62 3465 230 3545 trarium
256 3461 388 3575 potibs
415 3466 624 3575 pracepit:
654 3483 693 3544 et
718 3462 891 3544 Ecclefia
916 3465 1081 3573 quidem
1105 3466 1213 3544 nulla

61 3603 173 3657 arma
187 3597 325 3688 praeter
340 3578 585 3686 patientiam,
605 3576 886 3669 innocentiam,
908 3604 1056 3685 preces,
1076 3594 1116 3656 et
1133 3576 1213 3655 dis-

62 3688 256 3798 ciplinam
273 3688 542 3797 evangelicam
557 3688 717 3796 reliquit
732 3718 742 3782 ;
774 3687 998 3796 reipublicae
1016 3707 1056 3768 et
1069 3687 1213 3796 magis-

63 3799 231 3881 tratibus
249 3801 365 3881 fimul
390 3799 576 3881 omnibus
599 3827 676 3880 non
697 3800 942 3909 patientiam,
963 3798 1026 3880 sed
1047 3799 1153 3908 leges
1172 3798 1213 3880 e't

63 3911 260 4020 gladium,
279 3911 512 4018 injuriarum
530 3931 570 3992 et
587 3911 781 3991 violentiae
799 3911 997 3991 vindicem
1016 3914 1054 3991 in
1073 3940 1212 3992 manus

64 4023 240 4104 tradidit.
299 4024 420 4105 Unde
435 4023 551 4131 hujus
562 4022 737 4104 hominis
752 4023 976 4130 perversum
991 4041 1031 4102 et
1045 4025 1212 4135 praepos-

64 4153 198 4216 terum
217 4136 424 4243 ingenium
442 4155 510 4217 aut
529 4137 662 4215 mirari
683 4133 785 4214 subit
803 4152 870 4214 aut
894 4135 1045 4230 ridere;
1075 4139 1146 4244 qui
1171 4139 1212 4217 in

66 4246 255 4341 Ecclesia,
276 4247 488 4329 Helvidius
506 4246 563 4327 est
581 4265 621 4327 et
638 4244 828 4326 Thraseas
847 4264 887 4325 et
907 4244 1020 4355 plane
1041 4251 1215 4357 tyranni·

64 4359 179 4454 cida3
210 4359 251 4438 in
279 4358 495 4470 republica,
513 4385 727 4439 commune
753 4359 936 4437 omnium
960 4378 1214 4466 tyrannorum

66 4471 315 4580 mancipium
347 4491 387 4552 et
420 4468 583 4551 satelles.
643 4468 767 4575 Cujus
799 4468 986 4550 sententia
1020 4471 1048 4550 fi
1078 4473 1215 4552 locum

65 4579 226 4676 habeat,
245 4610 326 4664 non
345 4610 414 4662 nos
433 4578 561 4663 solum
581 4580 869 4676 rebellavimus,
888 4583 959 4691 qui
983 4610 1133 4692 regem,
1152 4584 1215 4662 sed

65 4692 273 4776 reformati
292 4696 414 4775 etiam
437 4694 663 4801 omnesqui
683 4694 832 4801 Papam
857 4694 1066 4774 dominum
1084 4695 1217 4773 invitis

66 4805 231 4918 regibus
244 4805 473 4914 rejecerunt.
512 4806 606 4912 Jam
622 4806 691 4886 diu
706 4823 841 4886 autem
854 4804 909 4885 est
922 4804 1030 4913 qubd
1046 4804 1121 4887 suis
1137 4803 1217 4916 ipse
