2888 5204
415 104 653 204 Defenfio.
695 116 812 241 Cap.
846 148 888 234 3.
1171 125 1220 229 67

65 278 256 389 scripturi
275 305 427 390 pugnat
445 286 741 366 evidentissime.
804 288 911 366 Cum
937 289 1044 365 enim
1065 287 1217 394 judices

62 393 110 470 ad
128 397 354 501 regendum
382 399 577 507 populum
607 400 720 479 suum
748 401 916 508 aptiores
949 398 1106 506 regibus
1142 398 1216 477 effe

64 501 200 611 paldm
227 506 470 615 fignificaffet
487 511 613 607 Deus,
642 511 681 591 id
710 530 842 591 tamen
869 528 997 590 totum
1024 510 1215 590 voluntati

62 634 182 725 atque
197 620 361 700 arbitrio
379 623 517 729 populi
544 623 733 731 permisit,
758 642 802 702 ut
828 624 1020 731 aptiorem
1048 623 1118 702 srbi
1145 623 1213 701 sub

62 730 323 838 optimatibus
342 731 513 813 formam
534 735 702 844 reipubl.
728 736 919 815 deteriore
946 734 1013 813 sub
1042 734 1213 841 regibus,

62 840 276 938 fivellent,
296 865 575 954 permutarent.
622 849 812 956 Legimus
828 849 947 927 etiam
962 845 1057 956 saepd
1079 874 1214 953 regem

61 954 218 1035 malum
237 954 343 1036 bono
361 959 511 1067 populo
525 959 676 1054 datum,
690 980 730 1039 et
744 977 893 1054 contra,
911 986 1046 1065 regem
1065 960 1215 1038 bonurn

60 1068 216 1174 populo
235 1070 355 1150 malo.
414 1071 604 1152 Virorum
622 1073 755 1180 itaque
775 1071 1140 1179 sapientiffimorum
1159 1070 1215 1149 est

61 1177 284 1287 perspicere
298 1181 394 1291 quid
411 1184 561 1293 populo
573 1184 814 1292 aptisfimum
827 1204 867 1263 et
880 1182 1126 1263 utilissimum
1143 1181 1211 1261 srt:

60 1291 214 1371 constat
232 1294 341 1374 enim
359 1322 488 1403 neque
503 1298 615 1375 omni
634 1296 800 1404 populo,
816 1323 943 1404 neque
963 1294 1094 1374 eidem
1114 1293 1214 1372 sem-

61 1430 134 1510 per
151 1405 325 1485 eundem
344 1405 498 1516 reipub.
517 1406 660 1487 statum
683 1410 905 1499 convenire,
935 1405 1078 1486 sedvel
1106 1402 1214 1485 hunc

60 1515 122 1594 vel
142 1516 278 1611 illum,
293 1537 413 1626 prout
426 1520 576 1599 civium
593 1520 716 1599 virtus
739 1538 779 1598 et
807 1518 990 1599 industria
1019 1545 1122 1597 nunc
1142 1546 1212 1598 au·

60 1626 200 1734 gescit,
228 1656 333 1710 nunc
351 1631 559 1711 minuitur.
622 1633 706 1743 Qi
727 1650 858 1711 tamen
878 1632 1110 1739 potestatem
1129 1632 1213 1710 adi-

61 1742 138 1819 mit
158 1741 310 1851 populo
329 1743 502 1850 eligendi
521 1743 591 1822 sibi
609 1771 730 1851 quam
745 1744 839 1824 velit
860 1743 1012 1851 reipub.
1027 1741 1212 1835 formam,

60 1851 207 1933 adimit
220 1853 398 1962 profesti>
410 1854 450 1934 id
466 1857 506 1934 in
519 1883 599 1964 quo
615 1857 740 1935 civilis
753 1855 910 1936 libertas
927 1874 1007 1934 tota
1021 1851 1102 1933 fere
1117 1881 1212 1932 con-

62 1963 173 2044 sistit.
206 1965 1124 2075 CitasdeindeJustinumMartyremAntoninis
1139 1967 1214 2044 im-

59 2088 291 2185 peratoru'm
309 2081 471 2187 optimis
490 2079 722 2188 obsequium
740 2079 1006 2173 deferentem
1027 2079 1115 2186 quis
1135 2104 1213 2156 non

59 2189 108 2268 iis
120 2208 205 2269 tam
216 2192 384 2299 egregiis
395 2210 434 2271 et
445 2191 657 2272 moderatis
666 2219 745 2270 non
756 2190 974 2272 detulisset?
989 2192 1052 2269 At
1062 2188 1213 2298 quanti,

59 2301 210 2410 inquis,
229 2332 292 2382 nos
304 2302 407 2384 bodie
417 2302 560 2414 pejores
576 2303 781 2412 Chrssiani
787 2304 808 2384 ἒ
822 2303 990 2384 tulerunt
1005 2301 1065 2382 illi
1066 2301 1213 2411 princi-

54 2430 144 2521 pem
171 2413 331 2522 diuersa
368 2415 566 2523 religionis.
632 2416 781 2495 Privati
810 2415 969 2508 scilicet,
999 2434 1039 2494 et
1067 2415 1214 2494 viribus

61 2524 184 2634 longi
204 2525 418 2609 inferiores.
480 2526 700 2634 Nuncsanl
713 2527 898 2638 pontficii
911 2556 1030 2634 regem
1045 2528 1214 2636 nonsar-

60 2655 151 2718 rent
164 2637 421 2749 reformatum,
436 2668 509 2720 nec
527 2639 725 2747 reformati
734 2639 983 2746 Pontificium.
1043 2641 1155 2718 Facis
1172 2658 1214 2718 tu

61 2750 230 2858 quidem
242 2751 469 2860 prudenter,
484 2752 716 2832 utostendas
729 2770 766 2831 te
779 2779 851 2831 nec
863 2750 1112 2861 pontificium
1125 2750 1214 2844 effe,
1315 2741 1325 2754 ’

63 2889 139 2942 nec
159 2860 441 2959 reformatum3
464 2862 558 2945 facis
577 2865 698 2944 etiam
714 2863 950 2957 liberaliter;
982 2861 1085 2943 ultrb
1105 2865 1213 2942 enim

62 2973 218 3082 largiris
228 2976 336 3084 quod
350 3003 454 3056 nunc
468 3004 546 3056 non
559 2977 785 3085 petivimus,
798 3004 935 3055 omnes
949 2972 1065 3055 hodie
1079 2972 1215 3053 Chris-

62 3086 191 3167 tianos
210 3087 252 3166 in
272 3086 349 3169 hoc
365 3087 481 3198 plane
497 3087 727 3180 consentire,
754 3088 863 3196 quod
888 3108 931 3168 tu
956 3086 1057 3167 solus
1074 3085 1214 3192 infigni

62 3197 226 3279 audacis
244 3220 362 3310 atque
381 3200 522 3281 scelere
537 3226 758 3309 oppugnas,
785 3202 948 3279 Parrum
972 3199 1093 3278 etiam
1115 3224 1214 3306 quos

63 3308 201 3392 laudas
213 3311 510 3407 diffimillimus;
528 3313 587 3392 illi
598 3313 706 3391 enim
718 3309 1042 3420 proChristianis,
1057 3309 1104 3391 ad
1122 3339 1214 3420 pro-

64 3419 179 3504 fanos
198 3451 323 3532 reges,
350 3423 592 3505 defenfiones
616 3421 924 3517 conscribebant,
954 3443 996 3503 tu
1020 3450 1092 3532 pro
1123 3450 1214 3530 rege

63 3534 271 3643 pontificio
289 3553 407 3645 atque
425 3537 639 3618 deterrimo
658 3556 792 3617 contra
809 3535 1051 3615 Christianos
1070 3553 1110 3612 et
1132 3536 1214 3614 Re-

64 3645 270 3729 formatos.
328 3649 464 3730 Multa
486 3648 628 3729 deinde
653 3677 703 3727 ex
722 3644 991 3753 Athenagora,
1018 3646 1142 3727 multa
1165 3675 1215 3726 ex

64 3760 315 3842 Tertulliano
335 3759 500 3842 futiliter
518 3761 733 3871 depromis,
748 3788 834 3868 quae
848 3760 897 3839 ab
914 3759 1002 3868 ipsis
1015 3759 1216 3866 Apostolis

65 3870 198 3952 multi>
210 3869 352 3953 clarihs
367 3893 407 3953 et
422 3869 668 3982 explanatiits
683 3873 786 3951 dista
799 3871 882 3977 jam
903 3871 1001 3953 sunt.
1051 3871 1215 3951 Tertul-

65 3982 194 4064 lianus
211 3974 346 4065 autern
365 3984 586 4093 longiffimd
605 3982 628 4063 ὲ
647 4003 685 4064 te
702 3983 886 4078 dissentit,
906 3985 976 4093 qui
996 4011 1131 4092 regem
1159 3985 1216 4062 vis

64 4094 141 4175 ess'e
159 4094 394 4178 dominum:
424 4098 531 4207 quod
552 4116 594 4177 tu
615 4115 682 4176 aut
703 4094 909 4190 nescivisti,
941 4113 1010 4177 aut
1034 4097 1214 4205 nequiter

63 4206 323 4291 diffimulasti.
382 4210 421 4290 Is
445 4211 555 4291 enim
580 4207 825 4288 Christianus
854 4208 902 4289 ad
929 4209 1215 4316 Imperatorem

64 4318 287 4403 Ethntcum
298 4321 608 4433 inApologetico
621 4319 731 4401 ausus
742 4321 798 4400 est
809 4320 988 4413 scribere,
1003 4346 1080 4399 non
1096 4345 1215 4427 opor·
