2888 5204
521 532 751 636 Praefatio'.
1168 578 1215 658 13

58 735 175 827 caput
185 747 202 811 ;
229 715 401 798 morionis
418 714 490 826 ipst
508 715 636 798 baculo
654 717 761 826 digni
793 744 873 796 mus
892 745 941 811 es,
969 716 1037 826 qui
1052 745 1156 824 reges
1173 748 1221 797 ac

53 831 249 941 principes
267 848 346 911 tam
358 829 566 939 puerilibus
591 829 822 937 argumentis
845 829 899 909 ad
913 829 1045 910 bellum
1060 829 1224 935 suaderi

54 961 182 1051 putes.
244 947 380 1024 Omnes
393 941 517 1022 deinde
529 943 680 1053 populos
706 942 896 1035 inclamas,
920 940 1015 1022 ditio
1033 941 1221 1022 audientes

62 1074 142 1149 tuo,
159 1055 233 1162 sat
238 1054 335 1161 scio,
350 1053 494 1134 minimi
499 1054 676 1162 futuros.
735 1054 986 1134 Hibernorum
1005 1055 1116 1134 etiam
1135 1084 1221 1134 con-

50 1167 282 1275 sceleratum
296 1168 399 1247 illam
417 1195 463 1246 ac
478 1164 682 1247 barbaram
701 1166 892 1246 colluviem
910 1166 1025 1272 regiis
1041 1166 1221 1275 partibus

64 1280 103 1360 in
131 1280 317 1360 auxilium
350 1307 476 1360 vocas.
536 1278 646 1385 Quod
674 1279 822 1359 uns'cum
851 1277 980 1359 indicio
1013 1279 1078 1388 effe
1105 1278 1221 1388 potest

64 1390 178 1501 qudm
190 1391 366 1501 scelestus
374 1391 434 1497 ss
448 1409 485 1471 et
503 1417 662 1486 vaecors,
683 1389 792 1501 qudm
810 1418 927 1470 omnes
939 1391 1033 1500 peni
1050 1393 1223 1472 mortales

66 1504 271 1614 imputate,
290 1502 467 1596 audacid,
485 1520 523 1581 et
527 1502 670 1608 furore
675 1501 845 1612 superes,
862 1503 929 1612 qui
943 1497 1086 1584 deuota
1098 1504 1223 1609 gentis

53 1615 173 1723 fidem
192 1634 306 1726 atque
322 1633 420 1725 opem
438 1614 635 1726 implorare
650 1644 719 1694 non
738 1614 900 1709 dubitas,
920 1614 1026 1722 cujus
1043 1615 1091 1694 ab
1111 1616 1224 1724 impid

52 1726 238 1832 firmetate
256 1747 311 1808 tot
329 1727 467 1808 civium
487 1727 844 1834 innocentiffimorum
858 1727 1047 1835 sanguine
1066 1728 1224 1838 persicsd

68 1841 183 1921 ettam
206 1870 275 1920 rex
297 1837 370 1949 ipst
387 1855 457 1918 aut
482 1838 679 1919 abhorruit
694 1837 857 1949 semper,
876 1857 946 1919 aut
963 1839 1163 1921 abhorrere
1178 1840 1225 1947 st

53 1951 273 2057 simulavit.
333 1954 390 2032 Et
413 1981 523 2063 quam
551 1952 613 2031 ille
632 1949 842 2062 perfidiam,
862 1980 970 2062 quam
989 1951 1049 2032 ille
1064 1951 1225 2033 crudeli-

67 2081 188 2145 tatem
203 2065 404 2159 occultare,
421 2080 600 2175 quantum
609 2062 749 2171 potuit,
767 2080 880 2173 atque
894 2064 942 2144 ab
947 2064 994 2171 se
1009 2064 1112 2172 longe
1123 2095 1224 2146 amo-

68 2175 437 2285 verestsmmostudio
451 2175 648 2269 contendit,
664 2204 743 2255 eam
761 2194 819 2269 tu,
833 2175 997 2285 bipedum
1012 2178 1123 2287 nequi
1156 2208 1224 2272 me,

69 2319 141 2398 quo
155 2287 277 2369 minsis
296 2287 397 2370 ultro
413 2306 525 2398 atque
537 2286 871 2397 palomstoscpias,
888 2318 1001 2399 neque
1017 2291 1141 2370 Deum
1160 2320 1225 2370 ne-

69 2431 142 2511 que
156 2401 313 2481 homines
327 2400 483 2480 vereris.
542 2399 738 2508 Agedum,·
758 2400 939 2480 Hibernis
957 2400 1224 2509 igitursauto-

70 2511 180 2592 ribus
190 2542 238 2594 ac
242 2513 357 2620 sociis
367 2511 422 2592 ad
431 2509 660 2620 defirnſsonem
673 2512 772 2619 regis
780 2511 866 2618 jam
877 2531 915 2593 te
925 2512 1089 2621 accinge,
1103 2517 1226 2594 Caves

70 2625 254 2735 imprimis
263 2624 361 2735 quod
366 2642 476 2705 cauto
489 2623 691 2705 mehercule
703 2643 790 2733 opus
803 2642 901 2720 erat,
917 2626 1042 2735 nequis
1052 2643 1090 2706 te
1106 2623 1228 2708 Tullio
1284 2719 1287 2723 ,

56 2737 225 2847 fortaffie
243 2756 314 2817 aut
333 2735 569 2844 Demostheni
582 2764 716 2817 omnem
734 2738 945 2845 eloquentia
963 2736 1106 2817 laudem
1118 2756 1226 2848 pree·

71 2867 223 2959 reptum
252 2849 309 2929 ire
324 2848 614 2959 suspicaretur,·
640 2866 678 2929 et
697 2848 888 2957 praedicis,
916 2852 1086 2930 oratorio
1117 2880 1227 2932 more

73 2989 156 3042 non
177 2961 253 3041 tibi
270 2963 470 3069 agendum
489 2961 627 3042 videri.
686 2963 765 3041 Na
786 2980 831 3041 tu
855 2960 959 3041 haud
969 2963 1090 3070 stulto
1104 2962 1226 3073 stzpis,

73 3073 118 3155 id
131 3072 230 3184 quod
243 3103 312 3153 non
324 3091 443 3182 potes,
463 3102 532 3154 non
548 3071 700 3153 videtur
714 3071 788 3153 tibi
798 3072 863 3182 ese
877 3073 1079 3182 agendum·
1102 3094 1228 3157 orato-

75 3185 134 3266 re)
152 3204 277 3266 autem
297 3203 341 3265 ut
358 3206 404 3265 tu
422 3214 551 3293 ageres
569 3184 664 3294 qut's,
685 3185 752 3293 qui
767 3184 911 3291 tesatis
928 3187 1047 3282 novit,
1068 3217 1228 3299 unquam

75 3296 341 3407 exspeliavit?
370 3299 437 3407 qui
458 3297 555 3377 nilsil
577 3295 778 3391 elaborati,
807 3298 905 3377 nilzil
927 3297 1105 3407 dislino‘tl,
1135 3301 1233 3380 nilu'l

75 3407 176 3522 quod
185 3409 336 3519 stupeat,
355 3409 394 3489 in
413 3411 528 3490 lucem
550 3408 716 3489 emittere
737 3426 807 3489 aut
821 3408 919 3515 soles
936 3429 1006 3491 aut
1025 3429 1142 3521 potes,
1158 3412 1236 3519 fid

75 3522 204 3603 veluti
216 3521 315 3627 Crs
326 3522 409 3601 inus
427 3522 526 3602 alter
548 3538 618 3600 aut
638 3514 802 3601 Tzetzes
820 3520 881 3602 ille
901 3524 1107 3628 graculus,
1131 3523 1229 3604 modo

77 3652 123 3715 ut
140 3633 297 3714 multum
309 3633 476 3739 scribas,
505 3630 614 3744 quim
639 3632 738 3712 redii
764 3662 833 3712 non
858 3633 1005 3714 laboras
1017 3665 1032 3727 ;
1061 3664 1173 3744 neque
1188 3637 1234 3741 st

78 3745 222 3826 labores
240 3745 382 3826 valeas.
440 3748 610 3852 Agetur,
630 3744 762 3853 inquis,
786 3744 869 3825 haec
894 3745 1006 3825 causa
1030 3766 1112 3827 toto
1136 3749 1230 3828 orbe

76 3859 277 3950 audiente,
297 3876 337 3938 et
358 3857 464 3966 quafi
489 3857 537 3936 ad
555 3856 815 3962 judicandum
842 3857 1011 3939 sedente.
1074 3859 1127 3968 ld
1144 3861 1230 3942 adei

77 3969 182 4051 nobis
192 3987 417 4079 pergratum
436 3968 499 4081 est,
524 3986 567 4049 ut
585 3965 841 4076 adversarium
860 4000 929 4051 non
948 3970 1169 4079 cerebrosum
1195 3991 1232 4054 et

79 4082 304 4192 inperitum,
330 4080 451 4190 qualis
471 4099 515 4160 tu
538 4110 589 4174 es,
605 4078 681 4186 std
701 4078 890 4162 cordatum
913 4099 950 4162 et
973 4083 1231 4190 intelligentem

78 4193 173 4275 dari
182 4192 268 4300 jam
285 4192 385 4272 nobis
401 4209 574 4302 optemus.
636 4194 825 4273 Perorans
846 4195 960 4303 plan>
984 4195 1155 4302 tragicus
1181 4226 1231 4291 es,

79 4307 148 4388 inm
163 4304 272 4412 Ajax
283 4304 355 4414 ipst’
370 4303 584 4384 Lorarius:
615 4304 776 4383 Horum
797 4333 872 4413 ego
893 4307 1136 4413 injustitiam,
1153 4310 1232 4387 im-

79 4419 287 4529 pietatem,
307 4415 529 4526 perfidiam,
550 4416 823 4496 crudelitatem
851 4419 1104 4527 proclamabo
1130 4421 1232 4500 coelo

80 4550 123 4611 et
142 4549 265 4623 terrae,
286 4528 463 4638 ipsosque
483 4526 666 4608 authores
681 4530 880 4609 convictos
891 4531 1052 4639 posteris
1069 4533 1233 4626 tradam,

79 4641 246 4749 reosque
256 4668 458 4750 peragam.
502 4643 537 4719 Ο
555 4639 738 4748 Flosculos
752 4643 770 4719 l
802 4638 906 4722 Tune
921 4642 1041 4749 igitur
1045 4642 1130 4747 stne
1132 4643 1232 4751 sale,

64 4756 151 4861 stne
160 4753 271 4864 genio
274 4753 530 4863 proclamator
540 4770 578 4835 et
593 4751 746 4848 rabula,
757 4751 858 4834 bonis
870 4752 1088 4837 authoribus
1101 4753 1237 4835 diuex-
