2888 5204
411 578 651 681 Defenfio
690 587 810 718 Cap.
836 621 884 707 4.
1172 622 1226 705 79

69 786 160 841 vere
174 759 341 857 studuit,
356 789 436 842 non
449 763 650 856 erat,'meo
664 761 827 871 quidem
835 761 1003 868 judicio,
1016 788 1087 840 cur
1097 762 1228 840 virum

69 870 189 953 illum
208 891 293 955 tam
311 873 414 955 male
433 876 649 984 exciperet,
668 876 737 983 qui
757 873 1040 954 moribundum
1062 873 1148 981 jam
1168 901 1231 952 re·

69 1005 229 1092 gemet
249 985 351 1095 aegrd
375 987 611 1067 morientem
630 1006 854 1097 opportuno
873 982 1072 1065 vulnerese
1091 983 1229 1064 confe-

70 1096 163 1177 ciffe
190 1100 400 1180 nuntiavit.
456 1099 579 1210 Qod
605 1098 714 1179 idem
742 1097 892 1178 fadum
918 1099 959 1177 in
980 1098 1230 1191 Domitiano,

71 1210 143 1318 qui
157 1209 481 1322 Epaphroditum
495 1210 671 1291 fimiliter
686 1212 814 1321 capite
831 1209 1045 1303 damnavit,
1062 1207 1229 1317 eoquod

72 1321 284 1406 Neronem
296 1326 336 1404 in
352 1323 600 1432 adipiscenda
610 1345 738 1404 morte
754 1322 969 1429 adjuvillet,
981 1321 1030 1402 ab
1045 1321 1228 1401 omnibus

71 1432 389 1543 reprehenditur.
421 1434 541 1540 Novi
554 1435 695 1515 deinde
707 1435 867 1515 audacia
881 1462 1003 1542 quem
1016 1454 1228 1542 tyrannum

72 1546 199 1627 modo
215 1548 385 1642 dixeras,
399 1566 440 1628 et
454 1547 548 1627 malo
551 1545 699 1657 spiritu
713 1548 915 1654 agitatum,
932 1544 1039 1626 hunc
1055 1573 1133 1624 non
1140 1545 1226 1650 jam

73 1656 164 1740 satis
183 1658 306 1741 habes
322 1665 488 1741 unitum
502 1660 687 1753 Domini,
704 1658 769 1738 sed
788 1659 974 1767 Christum
989 1656 1146 1737 Domini
1157 1685 1229 1736 vo·

73 1798 188 1866 mre3
207 1771 307 1852 adeh
323 1772 396 1855 tibi
408 1772 485 1853 vile
500 1769 649 1851 Christi
664 1798 811 1851 nomen
823 1770 993 1863 videtur,
1006 1788 1051 1849 ut
1066 1769 1230 1848 illoram

74 1880 206 1964 saneto
224 1886 385 1965 nomine
400 1881 463 1963 vel
479 1884 783 1964 Daemoniacum
797 1902 1007 1991 tyrannum
1027 1882 1230 1991 impertire

76 2022 156 2076 non
168 2017 338 2077 metuas.
397 1997 528 2076 Venio
543 2023 648 2075 nunc
660 1996 708 2075 ad
721 1995 953 2105 exemplum
968 1994 1082 2087 illud,
1096 1996 1230 2100 inquo

75 2109 147 2216 qui
168 2109 238 2215 jus
265 2109 404 2219 populi
427 2109 517 2216 jure
546 2110 648 2215 regis
670 2108 870 2216 antiquius
897 2106 972 2186 elle
1002 2134 1080 2187 non
1105 2106 1228 2198 videt,

75 2246 209 2301 coecus
234 2221 283 2302 fit
307 2240 477 2332 oportet.
548 2220 716 2300 Mortuo
746 2219 957 2299 Solomone
982 2247 1035 2328 po
1065 2218 1152 2298 ulus
1182 2218 1230 2297 de

75 2333 352 2415 constituendo
386 2334 466 2440 ejus
501 2331 585 2412 filio
624 2330 807 2412 Sechemi
840 2332 1001 2410 comitia
1034 2249 1229 2424 liabebat3

76 2444 280 2554 profectus
303 2445 359 2526 est
381 2444 431 2525 eo
457 2443 686 2525 Roboamus
713 2443 956 2535 candidatus,
984 2470 1033 2521 ne
1063 2468 1231 2548 regnum

78 2575 272 2667 tanquam
301 2555 568 2639 haereditatem
599 2557 721 2650 adire,
755 2585 804 2636 ne
835 2554 1030 2665 populum
1061 2552 1232 2633 liberum

79 2688 272 2779 tanquam
284 2691 464 2782 paternos
474 2669 594 2749 boves
607 2670 796 2779 poffidere
808 2667 1023 2746 videretur:
1045 2665 1232 2776 proponit

78 2783 252 2891 populus
277 2783 521 2863 conditiones
547 2783 659 2889 regni
684 2780 829 2874 futuri;
861 2779 909 2859 ad
934 2777 1232 2858 deliberandum

78 2922 150 2974 rex
164 2894 344 2976 triduum
359 2893 429 2974 fibi
439 2895 523 2974 dari
538 2894 722 3004 postulat;
744 2889 909 2971 consulit
921 2888 1109 2986 seniores;
1131 2886 1232 2968 nihil

10 3054 12 3059 ·
79 3006 139 3087 illi
152 3007 206 3087 de
218 3006 308 3113 jure
323 3008 449 3115 regio,
469 3005 532 3087 sed
546 3024 591 3085 ut
634 3004 801 3116 opulum
816 3003 1001 3110 obsequio
1017 3021 1057 3082 et
1075 3001 1231 3112 pollici-

80 3120 294 3200 tationibus
307 3119 492 3200 conciliet
508 3117 577 3197 libi
596 3034 769 3210 itiadent,
790 3143 908 3226 penes
922 3143 1044 3222 quem
1061 3132 1157 3207 erat,
1169 3112 1232 3192 vel

81 3231 199 3312 illum
221 3257 353 3311 creare
377 3258 513 3338 regem
531 3229 594 3308 vel
620 3230 828 3340 praterire.
889 3226 1070 3306 Consulit
1091 3224 1232 3305 deinde

81 3341 249 3453 equales
260 3341 362 3437 suos,
377 3342 508 3424 secum
521 3338 543 3422 it
556 3343 687 3452 pueris
699 3341 904 3435 educatos3
927 3339 986 3418 illi
999 3336 1232 3419 Salmafiano

10 3478 20 3525 ³
81 3455 259 3564 quodam
268 3454 385 3535 oestm
399 3455 553 3564 perciti,
569 3454 626 3533 nil
640 3471 778 3564 praeter
790 3453 855 3560 jus
870 3453 1026 3558 regium
1040 3451 1231 3541 intonare,

10 3628 17 3663 ,-
82 3567 246 3649 scuticas
258 3587 299 3647 et
311 3565 530 3677 scorpiones
543 3584 587 3646 ut
597 3567 803 3646 minitetur
814 3561 977 3643 hortari.
1008 3564 1171 3641 Horum
1182 3588 1233 3641 ex

10 3670 16 3791 ξ
80 3678 243 3761 confilio
259 3677 456 3790 respondit
468 3678 697 3758 Roboamus
710 3676 874 3786 populo.
934 3673 1081 3753 Videns
1100 3673 1233 3780 itaque

83 3809 188 3875 totus
201 3790 318 3872 lsradl
330 3818 466 3901 regern
477 3820 547 3873 non
557 3787 863 3901 arescultaffestbi,
875 3785 982 3866 suarn
995 3786 1172 3896 protinus
1184 3785 1234 3864 li-

83 3902 278 3985 bertatem
291 3922 332 3985 et
342 3905 531 4015 populare
537 3902 602 4009 jus
614 3902 745 3982 liberis
757 3898 1053 4011 palamvocibus
1061 3897 1232 3979 testatur.

10 4020 17 4103 ξ’
83 4018 180 4124 Qua
192 4014 296 4097 nobis
307 4016 430 4124 portio
445 4044 527 4097 cum
541 4013 730 4095 Daviie?
758 4011 811 4093 ad
824 4010 986 4090 tentoria
1003 4028 1072 4090 tua
1087 4009 1232 4118 Israi’l:

74 4126 158 4233 jam
172 4128 247 4238 ipse
260 4127 400 4210 vidua
413 4126 566 4209 dedomo
580 4146 651 4207 tua
666 4122 815 4206 David.
876 4122 1044 4203 Milium
1056 4123 1197 4202 deinde
1213 4120 1235 4202 d

84 4268 177 4349 rege
212 4239 463 4322 Adoramum
496 4238 690 4350 lapidibus
721 4237 961 4329 obruerunt;
1001 4235 1235 4345 exemplum

83 4351 241 4435 fortaffe
260 4352 420 4462 aliquod
439 4352 560 4433 etiam
580 4353 620 4430 in
640 4378 776 4459 regern
795 4349 953 4441 edituri,
970 4347 1038 4426 nisr
1060 4348 1236 4427 maxima

83 4464 286 4546 celeritate
304 4465 343 4545 se
366 4466 409 4546 in
435 4465 574 4573 fugam
597 4462 831 4543 contuliffet.
892 4464 1005 4541 Parat
1031 4461 1235 4567 ingentem

84 4579 324 4671 exercitum,
336 4605 418 4686 quo
433 4579 473 4658 in
489 4576 598 4657 suam
609 4575 803 4656 ditionem
814 4571 1002 4653 Israiilitas
1015 4573 1232 4679 redigeret:

82 4688 272 4800 prohibet
286 4690 422 4786 Deus3
442 4718 488 4770 ne
501 4686 696 4795 ascendite,
712 4687 857 4796 inquit,
872 4715 916 4765 ne
924 4702 1094 4794 pugnate
1105 4699 1237 4762 contra

66 4803 233 4911 fratres
256 4800 410 4911 vestros,
424 4801 532 4909 filios
553 4800 720 4908 Israi'lis,
739 4828 824 4881 nam
848 4794 949 4895 <ime
962 4796 1083 4904 sabla
1105 4792 1154 4904 est
1176 4821 1237 4873 res
