2888 5204
433 552 671 653 Defenfio.
710 561 828 688 Cap.
857 591 934 653 12.
1187 569 1255 649 181

110 742 234 820 torem,
257 745 300 808 ut
313 730 490 838 populum
496 729 740 836 stditionibus
756 729 954 838 dssrahat,
981 729 1165 809 exercitus
1169 730 1262 836 ficos

110 835 259 942 instibus
274 839 499 922 debellandos
517 842 667 937 tradat,
689 861 732 923 ut
737 842 928 950 factiones
946 860 1077 922 contra
1083 839 1259 948 stsusci-

110 967 170 1030 ter.
236 956 336 1062 Qae
350 956 484 1033 omnia
504 982 598 1034 curn
618 955 741 1034 etalii
761 953 880 1034 multi
900 979 1025 1061 reges,
1040 974 1079 1033 et
1093 954 1259 1034 Carolus

110 1060 184 1171 pse
208 1062 361 1158 fecerit,
385 1064 563 1146 dubitare
590 1093 669 1145 non
697 1085 823 1174 potes,
849 1065 1059 1175 praesertim
1087 1066 1256 1158 StoicuS,

110 1175 199 1280 quin
226 1195 271 1254 ut
296 1204 433 1256 omnes
458 1177 646 1288 improbi,
672 1179 723 1258 fic
753 1205 890 1258 omnes
918 1206 1077 1285 quoque
1103 1179 1256 1284 tyranni

110 1286 260 1367 ororsus
279 1288 480 1368 insaniant.
541 1290 732 1370 Flaccum
752 1291 869 1368 audi:

156 1450 275 1556 Qem
292 1452 392 1530 mala
397 1451 584 1559 stultitia,
604 1469 642 1531 et
660 1480 884 1560 quocunque
902 1449 1046 1555 inscitia
1066 1451 1154 1530 veri

157 1563 310 1641 Cacum
328 1563 425 1670 agit,
447 1563 612 1670 infimum
633 1563 832 1673 Chryſsppi
839 1563 1009 1669 porticus
1027 1581 1064 1641 et
1079 1592 1176 1668 grex

155 1675 364 1769 Automat,
384 1675 465 1754 herc
477 1676 643 1784 popnlos,
662 1676 742 1755 herc
760 1704 910 1782 magnos
913 1673 1088 1781 formula
1107 1703 1225 1780 reges,

155 1787 323 1895 Excepto
328 1784 515 1896 sapiente,
535 1804 648 1868 tenet.

110 1963 139 2042 ii
160 1962 284 2070 igitur
304 1963 425 2043 insani
445 1958 661 2074 cujuspiam
678 1962 771 2044 fatri
791 1965 940 2043 crimen
958 1961 979 2042 ὲ
998 1990 1088 2070 rege
1107 1963 1254 2042 Carolo

110 2101 282 2154 imovero
310 2077 437 2213 cupis,
466 2076 625 2156 debebis
655 2075 951 2186 improbitatem
980 2074 1028 2154 ab
1062 2103 1109 2154 eo
1144 2076 1254 2184 prius

110 2212 281 2266 imovero
310 2215 431 2295 quam
457 2188 660 2267 insaniam.
720 2190 776 2267 At
807 2188 915 2266 enim
942 2217 1011 2266 rex
1036 2215 1105 2266 non
1127 2187 1254 2295 potuit

110 2295 333 2378 traditionem
352 2299 390 2379 in
409 2329 465 2379 eos
487 2301 724 2392 committere,
745 2300 811 2408 qui
830 2298 969 2406 vcffolli
988 2299 1096 2406 ipfius
1113 2296 1252 2403 etsub-

110 2408 313 2517 etiifuere.
347 2408 543 2505 Primirm,
557 2440 650 2491 cum
667 2411 774 2519 aeque
787 2431 903 2519 atque
918 2411 995 2489 ulla
1010 2438 1103 2517 gens
1118 2408 1253 2488 homi-

110 2549 199 2601 rum
223 2521 337 2602 liberi
361 2524 494 2616 fimus,
522 2524 678 2602 nullum
707 2523 915 2603 barbarum
944 2550 1098 2601 morem
1125 2519 1253 2600 fraudi

110 2633 211 2713 robis
225 2633 300 2713 effe
316 2636 535 2743 patiemur3
567 2633 628 2715 fac
645 2634 786 2714 deinde
801 2635 959 2739 vomitos
976 2633 1085 2712 fuiffe
1102 2661 1171 2713 nos
1187 2661 1250 2712 re-

110 2746 171 2852 gis,
193 2772 243 2825 ne
260 2747 310 2826 fic
325 2747 488 2855 quidem
506 2766 715 2853 tyrannum
732 2744 903 2856 perferre
917 2747 1125 2826 dominum
1143 2767 1251 2824 tene-

110 2884 203 2938 nur.
265 2861 410 2939 Omnis
430 2888 475 2939 ea
499 2859 699 2964 subjedtio,
721 2879 763 2938 ut
787 2859 874 2968 ipsae
901 2859 1006 2966 leges
1031 2857 1164 2937 nostrae
1190 2858 1249 2936 lo-

110 2987 288 3078 luuntur,
308 2971 443 3079 honesto
466 2989 502 3050 et
526 2972 615 3050 utili
637 2971 798 3050 definita
823 2969 891 3048 est.
952 2972 1050 3077 Leg.
1074 2970 1181 3049 Hen.
1213 2997 1247 3048 1.

110 3111 132 3161 r.
155 3107 179 3187 ς
186 3107 225 3187 5.
253 3083 395 3162 Fidem
422 3111 510 3162 eam
539 3082 614 3162 effe
637 3102 802 3162 mutuam
822 3081 1085 3187 jurisconsulti
1112 3109 1249 3161 omnes

110 3192 269 3286 radunt,
298 3195 324 3274 fi
354 3195 538 3274 dominus
561 3194 708 3302 ligram,
732 3196 839 3302 quod
868 3195 992 3287 aiunt,
1020 3193 1250 3300 deserfionem

110 3304 342 3385 traestiterit:
374 3307 428 3385 fin
448 3306 470 3386 ὲ
489 3308 683 3386 contrario
701 3307 872 3384 nimium
893 3304 1007 3384 saevus
1028 3305 1160 3398 fuerit,
1181 3325 1248 3383 aut

110 3435 271 3497 rtrocem
290 3417 463 3525 aliquam
484 3418 666 3524 injuriam
687 3417 876 3510 intulerit,
897 3415 1039 3526 diffolvi
1050 3435 1085 3495 et
1098 3416 1249 3524 penitus

110 3527 268 3636 aetingui
282 3558 415 3609 omnem
430 3530 591 3637 homagii
601 3529 860 3610 connexionem.
919 3530 1018 3608 Haec
1034 3529 1114 3637 ipsa
1131 3529 1248 3606 Brac-

109 3642 180 3720 oni
208 3639 326 3719 verba
349 3661 388 3720 et
420 3642 542 3721 Fletae
567 3641 666 3721 sunt.
728 3641 846 3720 Unde
870 3641 1070 3720 vafl'allum
1097 3637 1152 3717 est
1177 3639 1247 3717 ubi

110 3778 160 3831 ex
180 3751 263 3861 ipsa
282 3753 322 3831 in
346 3753 555 3832 dominum
581 3773 729 3846 armat3
759 3781 930 3860 eumque
958 3751 1140 3860 fingulari
1159 3778 1249 3829 cer-

110 3864 245 3944 amine
268 3860 290 3942 ὲ
314 3865 484 3960 vaffallo‚
510 3866 537 3944 fi
563 3866 762 3958 acciderit,
784 3864 1091 3943 interimendum
1117 3863 1245 3942 tradit.

110 3974 209 4055 ¹dem
229 3976 257 4055 fi
277 3977 462 4056 universae
480 3977 626 4056 civitati
643 3997 710 4056 aut
722 3978 869 4055 nationi
884 3977 923 4053 in
940 3995 1149 4083 tyrannum
1165 4003 1243 4054 non

110 4086 265 4182 icuerit,
286 4088 455 4169 deterior
475 4089 689 4169 liberorum
707 4086 918 4168 hominum
935 4090 1109 4168 conditio
1124 4086 1243 4196 quim

110 4196 293 4278 'errorum
312 4201 400 4280 erit.
461 4202 584 4281 Nunc
606 4201 741 4279 Caroli
761 4199 977 4280 homicidia
995 4201 1164 4280 aliorum
1183 4228 1244 4280 re-

110 4338 193 4415 rum
212 4313 357 4421 partim
384 4309 624 4403 homicidiis,
646 4314 788 4420 partim
802 4310 904 4417 justd
928 4310 1039 4392 fastis
1062 4313 1244 4392 excusare

110 4424 311 4503 ontendis.
371 4425 436 4503 De
457 4424 608 4503 laniena
628 4424 880 4504 Hibernienfi
900 4424 1059 4505 remittis
1078 4426 1244 4504 letiorem

110 4532 146 4614 td
154 4552 246 4644 opus
259 4533 357 4615 illud
367 4536 509 4642 regium
523 4537 644 4615 Iconis
659 4537 857 4641 Befilicae3
887 4555 927 4614 et
940 4563 1015 4642 ego
1032 4555 1069 4615 te
1086 4537 1244 4615 remitto

110 4646 140 4727 d
169 4646 465 4730 Iconoclastem.
526 4650 686 4758 Capram
717 4648 926 4758 Rupellam,
952 4647 1127 4755 proditos
1156 4648 1243 4725 Ru-

110 4757 297 4854 tellenses,
320 4760 533 4868 ostentatam
551 4760 805 4868 potiusquam
829 4759 954 4840 datam
973 4778 1084 4867 opem,
1109 4759 1243 4866 impu-
