<?xml version="1.0" encoding="UTF-8"?>
<!DOCTYPE html PUBLIC "-//W3C//DTD XHTML 1.0 Transitional//EN"
    "http://www.w3.org/TR/xhtml1/DTD/xhtml1-transitional.dtd">
<html xmlns="http://www.w3.org/1999/xhtml" xml:lang="en" lang="en">
 <head>
  <title>
</title>
<meta http-equiv="Content-Type" content="text/html;charset=utf-8" />
  <meta name='ocr-system' content='tesseract 3.04.00' />
  <meta name='ocr-capabilities' content='ocr_page ocr_carea ocr_par ocr_line ocrx_word'/>
</head>
<body>
  <div class='ocr_page' id='page_1' title='image "./worksjohnmilton07miltgoog_0266.png"; bbox 0 0 2888 5204; ppageno 0'>
   <div class='ocr_carea' id='block_1_1' title="bbox 471 561 1287 691">
    <p class='ocr_par' dir='ltr' id='par_1_1' title="bbox 471 561 1287 691">
     <span class='ocr_line' id='line_1_1' title="bbox 471 561 1287 691; baseline -0.001 -29"><span class='ocrx_word' id='word_1_1' title='bbox 471 561 710 691; x_wconf 85' lang='lat' dir='ltr'>Defenfio</span> <span class='ocrx_word' id='word_1_2' title='bbox 723 564 951 664; x_wconf 86' lang='lat' dir='ltr'>Secunda.</span> <span class='ocrx_word' id='word_1_3' title='bbox 1207 606 1287 688; x_wconf 85' lang='lat'>249</span> 
     </span>
    </p>
   </div>
   <div class='ocr_carea' id='block_1_2' title="bbox 124 748 1396 4760">
    <p class='ocr_par' dir='ltr' id='par_1_2' title="bbox 124 748 1396 4760">
     <span class='ocr_line' id='line_1_2' title="bbox 136 748 1290 864; baseline 0.003 -35"><span class='ocrx_word' id='word_1_4' title='bbox 136 776 217 859; x_wconf 90' lang='lat' dir='ltr'>que</span> <span class='ocrx_word' id='word_1_5' title='bbox 240 748 573 858; x_wconf 89' lang='lat' dir='ltr'>pulcherrimum,</span> <span class='ocrx_word' id='word_1_6' title='bbox 604 754 653 833; x_wconf 89' lang='lat' dir='ltr'>ad</span> <span class='ocrx_word' id='word_1_7' title='bbox 681 755 838 864; x_wconf 87' lang='lat' dir='ltr'>praemia</span> <span class='ocrx_word' id='word_1_8' title='bbox 865 753 1035 860; x_wconf 87' lang='lat' dir='ltr'>denique</span> <span class='ocrx_word' id='word_1_9' title='bbox 1063 770 1103 832; x_wconf 91' lang='lat' dir='ltr'>et</span> <span class='ocrx_word' id='word_1_10' title='bbox 1130 780 1290 833; x_wconf 87' lang='lat' dir='ltr'>coronas</span> 
     </span>
     <span class='ocr_line' id='line_1_3' title="bbox 135 862 1288 973; baseline 0.004 -34"><span class='ocrx_word' id='word_1_11' title='bbox 135 862 329 971; x_wconf 81' lang='lat' dir='ltr'>spemque</span> <span class='ocrx_word' id='word_1_12' title='bbox 371 865 677 945; x_wconf 89' lang='lat' dir='ltr'>immortalitatis</span> <span class='ocrx_word' id='word_1_13' title='bbox 725 866 976 944; x_wconf 89' lang='lat' dir='ltr'>certiffimam</span> <span class='ocrx_word' id='word_1_14' title='bbox 1015 865 1288 973; x_wconf 84' lang='lat' dir='ltr'>properabant.</span> 
     </span>
     <span class='ocr_line' id='line_1_4' title="bbox 138 973 1290 1084; baseline 0.002 -31"><span class='ocrx_word' id='word_1_15' title='bbox 138 973 343 1054; x_wconf 89' lang='lat' dir='ltr'>Nondum</span> <span class='ocrx_word' id='word_1_16' title='bbox 361 978 469 1055; x_wconf 90' lang='lat' dir='ltr'>enim</span> <span class='ocrx_word' id='word_1_17' title='bbox 489 977 685 1083; x_wconf 87' lang='lat' dir='ltr'>Tyrannis</span> <span class='ocrx_word' id='word_1_18' title='bbox 702 1005 761 1057; x_wconf 92' lang='lat' dir='ltr'>res</span> <span class='ocrx_word' id='word_1_19' title='bbox 777 975 879 1056; x_wconf 89' lang='lat' dir='ltr'>sacra</span> <span class='ocrx_word' id='word_1_20' title='bbox 899 995 1004 1070; x_wconf 89' lang='lat' dir='ltr'>erat;</span> <span class='ocrx_word' id='word_1_21' title='bbox 1030 976 1208 1055; x_wconf 92' lang='lat' dir='ltr'>nondum</span> <span class='ocrx_word' id='word_1_22' title='bbox 1229 996 1290 1084; x_wconf 87' lang='lat' dir='ltr'>ty-</span> 
     </span>
     <span class='ocr_line' id='line_1_5' title="bbox 136 1083 1289 1198; baseline 0.003 -34"><span class='ocrx_word' id='word_1_23' title='bbox 136 1087 269 1179; x_wconf 87' lang='lat' dir='ltr'>ranni,</span> <span class='ocrx_word' id='word_1_24' title='bbox 291 1083 439 1167; x_wconf 90' lang='lat' dir='ltr'>Christi</span> <span class='ocrx_word' id='word_1_25' title='bbox 459 1087 606 1167; x_wconf 91' lang='lat' dir='ltr'>scilicet</span> <span class='ocrx_word' id='word_1_26' title='bbox 629 1115 812 1197; x_wconf 76' lang='lat' dir='ltr'>proteges</span> <span class='ocrx_word' id='word_1_27' title='bbox 835 1107 952 1195; x_wconf 91' lang='lat' dir='ltr'>atque</span> <span class='ocrx_word' id='word_1_28' title='bbox 972 1088 1106 1167; x_wconf 93' lang='lat' dir='ltr'>vicarii</span> <span class='ocrx_word' id='word_1_29' title='bbox 1130 1109 1289 1198; x_wconf 89' lang='lat' dir='ltr'>repente</span> 
     </span>
     <span class='ocr_line' id='line_1_6' title="bbox 137 1194 1289 1308; baseline 0.002 -32"><span class='ocrx_word' id='word_1_30' title='bbox 137 1194 250 1290; x_wconf 76' lang='lat' dir='ltr'>faeti,</span> <span class='ocrx_word' id='word_1_31' title='bbox 264 1225 359 1277; x_wconf 91' lang='lat' dir='ltr'>cum</span> <span class='ocrx_word' id='word_1_32' title='bbox 370 1198 642 1279; x_wconf 84' lang='lat' dir='ltr'>benevolentia</span> <span class='ocrx_word' id='word_1_33' title='bbox 654 1227 731 1279; x_wconf 92' lang='lat' dir='ltr'>non</span> <span class='ocrx_word' id='word_1_34' title='bbox 745 1199 908 1308; x_wconf 78' lang='lat' dir='ltr'>pollent,</span> <span class='ocrx_word' id='word_1_35' title='bbox 922 1227 1021 1278; x_wconf 90' lang='lat' dir='ltr'>caeca</span> <span class='ocrx_word' id='word_1_36' title='bbox 1033 1200 1143 1306; x_wconf 89' lang='lat' dir='ltr'>vulgi</span> <span class='ocrx_word' id='word_1_37' title='bbox 1156 1199 1289 1307; x_wconf 91' lang='lat' dir='ltr'>super-</span> 
     </span>
     <span class='ocr_line' id='line_1_7' title="bbox 139 1307 1290 1392; baseline 0.003 -5"><span class='ocrx_word' id='word_1_38' title='bbox 139 1307 299 1389; x_wconf 84' lang='lat' dir='ltr'>stitione</span> <span class='ocrx_word' id='word_1_39' title='bbox 323 1308 401 1389; x_wconf 91' lang='lat' dir='ltr'>sese</span> <span class='ocrx_word' id='word_1_40' title='bbox 423 1311 672 1392; x_wconf 90' lang='lat' dir='ltr'>munierant:</span> <span class='ocrx_word' id='word_1_41' title='bbox 704 1311 881 1390; x_wconf 90' lang='lat' dir='ltr'>nondum</span> <span class='ocrx_word' id='word_1_42' title='bbox 904 1310 1152 1390; x_wconf 88' lang='lat' dir='ltr'>Clericorum</span> <span class='ocrx_word' id='word_1_43' title='bbox 1177 1312 1290 1391; x_wconf 90' lang='lat' dir='ltr'>malis</span> 
     </span>
     <span class='ocr_line' id='line_1_8' title="bbox 138 1420 1289 1531; baseline 0.002 -31"><span class='ocrx_word' id='word_1_44' title='bbox 138 1421 292 1501; x_wconf 82' lang='lat' dir='ltr'>artibus</span> <span class='ocrx_word' id='word_1_45' title='bbox 318 1424 481 1501; x_wconf 90' lang='lat' dir='ltr'>attonita</span> <span class='ocrx_word' id='word_1_46' title='bbox 511 1421 637 1531; x_wconf 90' lang='lat' dir='ltr'>plebs,</span> <span class='ocrx_word' id='word_1_47' title='bbox 669 1421 717 1502; x_wconf 92' lang='lat' dir='ltr'>ad</span> <span class='ocrx_word' id='word_1_48' title='bbox 744 1421 963 1502; x_wconf 90' lang='lat' dir='ltr'>barbariem</span> <span class='ocrx_word' id='word_1_49' title='bbox 991 1450 1037 1502; x_wconf 90' lang='lat' dir='ltr'>ea</span> <span class='ocrx_word' id='word_1_50' title='bbox 1069 1420 1289 1517; x_wconf 73' lang='lat' dir='ltr'>foediorem,</span> 
     </span>
     <span class='ocr_line' id='line_1_9' title="bbox 138 1531 1291 1640; baseline 0.001 -29"><span class='ocrx_word' id='word_1_51' title='bbox 138 1556 230 1639; x_wconf 82' lang='lat' dir='ltr'>quae</span> <span class='ocrx_word' id='word_1_52' title='bbox 248 1531 509 1613; x_wconf 88' lang='lat' dir='ltr'>stolidiffimos</span> <span class='ocrx_word' id='word_1_53' title='bbox 532 1534 763 1614; x_wconf 91' lang='lat' dir='ltr'>mortalium</span> <span class='ocrx_word' id='word_1_54' title='bbox 780 1532 945 1613; x_wconf 89' lang='lat' dir='ltr'>infamat</span> <span class='ocrx_word' id='word_1_55' title='bbox 967 1533 1099 1627; x_wconf 89' lang='lat' dir='ltr'>Indos,</span> <span class='ocrx_word' id='word_1_56' title='bbox 1119 1533 1291 1640; x_wconf 88' lang='lat' dir='ltr'>degene-</span> 
     </span>
     <span class='ocr_line' id='line_1_10' title="bbox 141 1643 1289 1752; baseline 0.003 -30"><span class='ocrx_word' id='word_1_57' title='bbox 141 1661 308 1723; x_wconf 87' lang='lat' dir='ltr'>raverat.</span> <span class='ocrx_word' id='word_1_58' title='bbox 341 1643 407 1723; x_wconf 93' lang='lat' dir='ltr'>Illi</span> <span class='ocrx_word' id='word_1_59' title='bbox 420 1646 527 1726; x_wconf 89' lang='lat' dir='ltr'>enim</span> <span class='ocrx_word' id='word_1_60' title='bbox 544 1646 683 1725; x_wconf 87' lang='lat' dir='ltr'>noxios</span> <span class='ocrx_word' id='word_1_61' title='bbox 701 1643 1002 1739; x_wconf 85' lang='lat' dir='ltr'>fibiDaemones,</span> <span class='ocrx_word' id='word_1_62' title='bbox 1019 1671 1118 1751; x_wconf 88' lang='lat' dir='ltr'>quos</span> <span class='ocrx_word' id='word_1_63' title='bbox 1132 1643 1289 1752; x_wconf 87' lang='lat' dir='ltr'>abigere</span> 
     </span>
     <span class='ocr_line' id='line_1_11' title="bbox 140 1755 1292 1866; baseline 0.001 -32"><span class='ocrx_word' id='word_1_64' title='bbox 140 1778 221 1834; x_wconf 87' lang='lat' dir='ltr'>non</span> <span class='ocrx_word' id='word_1_65' title='bbox 236 1755 407 1864; x_wconf 71' lang='lat' dir='ltr'>poliunt,</span> <span class='ocrx_word' id='word_1_66' title='bbox 423 1784 496 1866; x_wconf 91' lang='lat' dir='ltr'>pro</span> <span class='ocrx_word' id='word_1_67' title='bbox 510 1757 602 1836; x_wconf 91' lang='lat' dir='ltr'>Diis</span> <span class='ocrx_word' id='word_1_68' title='bbox 614 1756 763 1849; x_wconf 90' lang='lat' dir='ltr'>colunt,</span> <span class='ocrx_word' id='word_1_69' title='bbox 778 1755 858 1836; x_wconf 85' lang='lat' dir='ltr'>haec</span> <span class='ocrx_word' id='word_1_70' title='bbox 871 1758 1076 1863; x_wconf 89' lang='lat' dir='ltr'>Tyrannos</span> <span class='ocrx_word' id='word_1_71' title='bbox 1092 1783 1141 1834; x_wconf 89' lang='lat' dir='ltr'>ne</span> <span class='ocrx_word' id='word_1_72' title='bbox 1156 1755 1292 1836; x_wconf 89' lang='lat' dir='ltr'>liceret</span> 
     </span>
     <span class='ocr_line' id='line_1_12' title="bbox 144 1865 1291 1977; baseline 0.003 -33"><span class='ocrx_word' id='word_1_73' title='bbox 144 1866 282 1946; x_wconf 86' lang='lat' dir='ltr'>tollere</span> <span class='ocrx_word' id='word_1_74' title='bbox 313 1895 409 1946; x_wconf 90' lang='lat' dir='ltr'>cum</span> <span class='ocrx_word' id='word_1_75' title='bbox 443 1867 579 1977; x_wconf 84' lang='lat' dir='ltr'>poffet,</span> <span class='ocrx_word' id='word_1_76' title='bbox 618 1866 960 1975; x_wconf 86' lang='lat' dir='ltr'>impotentiffimos</span> <span class='ocrx_word' id='word_1_77' title='bbox 991 1865 1145 1946; x_wconf 91' lang='lat' dir='ltr'>creabat</span> <span class='ocrx_word' id='word_1_78' title='bbox 1182 1868 1223 1945; x_wconf 92' lang='lat' dir='ltr'>in</span> <span class='ocrx_word' id='word_1_79' title='bbox 1254 1867 1291 1948; x_wconf 89' lang='lat' dir='ltr'>se</span> 
     </span>
     <span class='ocr_line' id='line_1_13' title="bbox 146 1975 1292 2087; baseline 0.002 -31"><span class='ocrx_word' id='word_1_80' title='bbox 146 1975 281 2072; x_wconf 89' lang='lat' dir='ltr'>Deos;</span> <span class='ocrx_word' id='word_1_81' title='bbox 309 1996 349 2058; x_wconf 89' lang='lat' dir='ltr'>et</span> <span class='ocrx_word' id='word_1_82' title='bbox 367 1975 532 2059; x_wconf 89' lang='lat' dir='ltr'>humani</span> <span class='ocrx_word' id='word_1_83' title='bbox 555 1981 708 2086; x_wconf 90' lang='lat' dir='ltr'>generis</span> <span class='ocrx_word' id='word_1_84' title='bbox 732 1978 856 2087; x_wconf 88' lang='lat' dir='ltr'>pestes</span> <span class='ocrx_word' id='word_1_85' title='bbox 879 1980 919 2056; x_wconf 92' lang='lat' dir='ltr'>in</span> <span class='ocrx_word' id='word_1_86' title='bbox 943 1977 1051 2058; x_wconf 91' lang='lat' dir='ltr'>suam</span> <span class='ocrx_word' id='word_1_87' title='bbox 1074 1979 1292 2087; x_wconf 91' lang='lat' dir='ltr'>perniciem</span> 
     </span>
     <span class='ocr_line' id='line_1_14' title="bbox 149 2084 1290 2172; baseline 0.004 -6"><span class='ocrx_word' id='word_1_88' title='bbox 149 2089 404 2172; x_wconf 87' lang='lat' dir='ltr'>consecrabat.</span> <span class='ocrx_word' id='word_1_89' title='bbox 467 2092 525 2169; x_wconf 85' lang='lat' dir='ltr'>At</span> <span class='ocrx_word' id='word_1_90' title='bbox 550 2108 686 2170; x_wconf 93' lang='lat' dir='ltr'>contra</span> <span class='ocrx_word' id='word_1_91' title='bbox 708 2086 776 2171; x_wconf 91' lang='lat' dir='ltr'>has</span> <span class='ocrx_word' id='word_1_92' title='bbox 798 2117 935 2169; x_wconf 90' lang='lat' dir='ltr'>omnes</span> <span class='ocrx_word' id='word_1_93' title='bbox 962 2084 1190 2170; x_wconf 87' lang='lat' dir='ltr'>traditarum</span> <span class='ocrx_word' id='word_1_94' title='bbox 1222 2092 1290 2170; x_wconf 93' lang='lat' dir='ltr'>diu</span> 
     </span>
     <span class='ocr_line' id='line_1_15' title="bbox 151 2200 1292 2308; baseline 0.004 -32"><span class='ocrx_word' id='word_1_95' title='bbox 151 2200 1086 2308; x_wconf 88' lang='lat' dir='ltr'>opinionum,religionum,calumniarum,atque</span> <span class='ocrx_word' id='word_1_96' title='bbox 1099 2221 1292 2281; x_wconf 91' lang='lat' dir='ltr'>terrorum</span> 
     </span>
     <span class='ocr_line' id='line_1_16' title="bbox 156 2309 1292 2422; baseline 0.004 -34"><span class='ocrx_word' id='word_1_97' title='bbox 156 2309 381 2392; x_wconf 86' lang='lat' dir='ltr'>denfiffimas</span> <span class='ocrx_word' id='word_1_98' title='bbox 393 2314 509 2404; x_wconf 87' lang='lat' dir='ltr'>acies,</span> <span class='ocrx_word' id='word_1_99' title='bbox 526 2310 635 2392; x_wconf 88' lang='lat' dir='ltr'>hoste</span> <span class='ocrx_word' id='word_1_100' title='bbox 655 2312 736 2422; x_wconf 93' lang='lat' dir='ltr'>ipso</span> <span class='ocrx_word' id='word_1_101' title='bbox 751 2312 1023 2392; x_wconf 89' lang='lat' dir='ltr'>vehementius</span> <span class='ocrx_word' id='word_1_102' title='bbox 1039 2310 1086 2389; x_wconf 87' lang='lat' dir='ltr'>ab</span> <span class='ocrx_word' id='word_1_103' title='bbox 1106 2313 1192 2391; x_wconf 87' lang='lat' dir='ltr'>aliis</span> <span class='ocrx_word' id='word_1_104' title='bbox 1212 2311 1292 2392; x_wconf 85' lang='lat' dir='ltr'>for-</span> 
     </span>
     <span class='ocr_line' id='line_1_17' title="bbox 160 2422 1290 2531; baseline 0.003 -32"><span class='ocrx_word' id='word_1_105' title='bbox 160 2422 327 2517; x_wconf 83' lang='lat' dir='ltr'>midatas,</span> <span class='ocrx_word' id='word_1_106' title='bbox 359 2424 640 2504; x_wconf 88' lang='lat' dir='ltr'>decertandum</span> <span class='ocrx_word' id='word_1_107' title='bbox 670 2426 814 2531; x_wconf 90' lang='lat' dir='ltr'>Anglis</span> <span class='ocrx_word' id='word_1_108' title='bbox 844 2444 940 2504; x_wconf 88' lang='lat' dir='ltr'>erat.</span> <span class='ocrx_word' id='word_1_109' title='bbox 1008 2428 1108 2531; x_wconf 84' lang='lat' dir='ltr'>Qae</span> <span class='ocrx_word' id='word_1_110' title='bbox 1143 2426 1290 2517; x_wconf 91' lang='lat' dir='ltr'>omnia,</span> 
     </span>
     <span class='ocr_line' id='line_1_18' title="bbox 124 2533 1294 2643; baseline 0.002 -31"><span class='ocrx_word' id='word_1_111' title='bbox 124 2582 126 2591; x_wconf 93' lang='lat'>·</span> <span class='ocrx_word' id='word_1_112' title='bbox 162 2533 275 2613; x_wconf 71' lang='lat' dir='ltr'>docti</span> <span class='ocrx_word' id='word_1_113' title='bbox 294 2535 450 2631; x_wconf 89' lang='lat' dir='ltr'>melius,</span> <span class='ocrx_word' id='word_1_114' title='bbox 477 2553 518 2614; x_wconf 93' lang='lat' dir='ltr'>et</span> <span class='ocrx_word' id='word_1_115' title='bbox 542 2535 802 2643; x_wconf 90' lang='lat' dir='ltr'>proculdubio</span> <span class='ocrx_word' id='word_1_116' title='bbox 822 2535 975 2615; x_wconf 87' lang='lat' dir='ltr'>coelitus</span> <span class='ocrx_word' id='word_1_117' title='bbox 1001 2534 1160 2627; x_wconf 91' lang='lat' dir='ltr'>imbuti,</span> <span class='ocrx_word' id='word_1_118' title='bbox 1189 2553 1294 2614; x_wconf 90' lang='lat' dir='ltr'>tanta</span> 
     </span>
     <span class='ocr_line' id='line_1_19' title="bbox 164 2644 1292 2741; baseline 0.003 -19"><span class='ocrx_word' id='word_1_119' title='bbox 164 2644 267 2724; x_wconf 72' lang='lat' dir='ltr'>mulie</span> <span class='ocrx_word' id='word_1_120' title='bbox 281 2645 440 2741; x_wconf 89' lang='lat' dir='ltr'>fiducia,</span> <span class='ocrx_word' id='word_1_121' title='bbox 457 2665 561 2726; x_wconf 90' lang='lat' dir='ltr'>tanta</span> <span class='ocrx_word' id='word_1_122' title='bbox 575 2648 799 2725; x_wconf 90' lang='lat' dir='ltr'>animorum</span> <span class='ocrx_word' id='word_1_123' title='bbox 814 2646 998 2725; x_wconf 89' lang='lat' dir='ltr'>firmitate</span> <span class='ocrx_word' id='word_1_124' title='bbox 1015 2674 1059 2726; x_wconf 93' lang='lat' dir='ltr'>ac</span> <span class='ocrx_word' id='word_1_125' title='bbox 1072 2647 1214 2725; x_wconf 88' lang='lat' dir='ltr'>virtute</span> <span class='ocrx_word' id='word_1_126' title='bbox 1229 2646 1292 2725; x_wconf 91' lang='lat' dir='ltr'>su-</span> 
     </span>
     <span class='ocr_line' id='line_1_20' title="bbox 165 2755 1292 2868; baseline 0.002 -33"><span class='ocrx_word' id='word_1_127' title='bbox 165 2776 401 2857; x_wconf 84' lang='lat' dir='ltr'>perarunt,ut</span> <span class='ocrx_word' id='word_1_128' title='bbox 413 2787 508 2838; x_wconf 91' lang='lat' dir='ltr'>cum</span> <span class='ocrx_word' id='word_1_129' title='bbox 521 2786 687 2836; x_wconf 91' lang='lat' dir='ltr'>numero</span> <span class='ocrx_word' id='word_1_130' title='bbox 699 2758 868 2868; x_wconf 91' lang='lat' dir='ltr'>populus</span> <span class='ocrx_word' id='word_1_131' title='bbox 881 2755 967 2836; x_wconf 74' lang='lat' dir='ltr'>sane</span> <span class='ocrx_word' id='word_1_132' title='bbox 980 2784 1145 2864; x_wconf 89' lang='lat' dir='ltr'>magnus</span> <span class='ocrx_word' id='word_1_133' title='bbox 1159 2757 1292 2852; x_wconf 83' lang='lat' dir='ltr'>essent,</span> 
     </span>
     <span class='ocr_line' id='line_1_21' title="bbox 166 2865 1293 2976; baseline 0.005 -34"><span class='ocrx_word' id='word_1_134' title='bbox 166 2865 288 2948; x_wconf 78' lang='lat' dir='ltr'>animis</span> <span class='ocrx_word' id='word_1_135' title='bbox 309 2887 439 2949; x_wconf 89' lang='lat' dir='ltr'>tamen</span> <span class='ocrx_word' id='word_1_136' title='bbox 455 2889 536 2950; x_wconf 90' lang='lat' dir='ltr'>tam</span> <span class='ocrx_word' id='word_1_137' title='bbox 552 2870 688 2949; x_wconf 70' lang='lat' dir='ltr'>erectis</span> <span class='ocrx_word' id='word_1_138' title='bbox 704 2888 864 2976; x_wconf 90' lang='lat' dir='ltr'>tamque</span> <span class='ocrx_word' id='word_1_139' title='bbox 879 2870 1053 2961; x_wconf 88' lang='lat' dir='ltr'>excelfis,</span> <span class='ocrx_word' id='word_1_140' title='bbox 1065 2869 1204 2975; x_wconf 87' lang='lat' dir='ltr'>vulgus</span> <span class='ocrx_word' id='word_1_141' title='bbox 1219 2869 1293 2948; x_wconf 82' lang='lat' dir='ltr'>esse</span> 
     </span>
     <span class='ocr_line' id='line_1_22' title="bbox 167 2970 1293 3089; baseline 0.011 -39"><span class='ocrx_word' id='word_1_142' title='bbox 167 2970 353 3075; x_wconf 84' lang='lat' dir='ltr'>defierint;</span> <span class='ocrx_word' id='word_1_143' title='bbox 376 2981 653 3088; x_wconf 89' lang='lat' dir='ltr'>Britanniaque</span> <span class='ocrx_word' id='word_1_144' title='bbox 670 2979 750 3089; x_wconf 89' lang='lat' dir='ltr'>ipsa</span> <span class='ocrx_word' id='word_1_145' title='bbox 762 2978 937 3088; x_wconf 88' lang='lat' dir='ltr'>posthac,</span> <span class='ocrx_word' id='word_1_146' title='bbox 954 3006 1039 3087; x_wconf 83' lang='lat' dir='ltr'>quae</span> <span class='ocrx_word' id='word_1_147' title='bbox 1050 2996 1293 3089; x_wconf 83' lang='lat' dir='ltr'>tyrannorum</span> 
     </span>
     <span class='ocr_line' id='line_1_23' title="bbox 168 3090 1293 3200; baseline 0.005 -33"><span class='ocrx_word' id='word_1_148' title='bbox 168 3096 257 3170; x_wconf 70' lang='lat' dir='ltr'>terra</span> <span class='ocrx_word' id='word_1_149' title='bbox 271 3091 398 3200; x_wconf 84' lang='lat' dir='ltr'>ferax</span> <span class='ocrx_word' id='word_1_150' title='bbox 423 3093 527 3171; x_wconf 67' lang='lat' dir='ltr'>dieta</span> <span class='ocrx_word' id='word_1_151' title='bbox 552 3092 651 3171; x_wconf 93' lang='lat' dir='ltr'>olim</span> <span class='ocrx_word' id='word_1_152' title='bbox 674 3091 744 3185; x_wconf 90' lang='lat' dir='ltr'>est,</span> <span class='ocrx_word' id='word_1_153' title='bbox 768 3119 872 3171; x_wconf 90' lang='lat' dir='ltr'>nunc</span> <span class='ocrx_word' id='word_1_154' title='bbox 898 3090 1152 3171; x_wconf 90' lang='lat' dir='ltr'>liberatorum</span> <span class='ocrx_word' id='word_1_155' title='bbox 1176 3091 1293 3200; x_wconf 72' lang='lat' dir='ltr'>longe</span> 
     </span>
     <span class='ocr_line' id='line_1_24' title="bbox 169 3186 1295 3312; baseline 0.003 -32"><span class='ocrx_word' id='word_1_156' title='bbox 169 3186 329 3296; x_wconf 79' lang='lat' dir='ltr'>feracior,</span> <span class='ocrx_word' id='word_1_157' title='bbox 357 3222 547 3312; x_wconf 88' lang='lat' dir='ltr'>perpetua</span> <span class='ocrx_word' id='word_1_158' title='bbox 580 3203 799 3282; x_wconf 89' lang='lat' dir='ltr'>seculorum</span> <span class='ocrx_word' id='word_1_159' title='bbox 825 3204 1008 3283; x_wconf 90' lang='lat' dir='ltr'>omnium</span> <span class='ocrx_word' id='word_1_160' title='bbox 1034 3202 1295 3283; x_wconf 89' lang='lat' dir='ltr'>celebratione</span> 
     </span>
     <span class='ocr_line' id='line_1_25' title="bbox 169 3301 1294 3426; baseline 0.004 -38"><span class='ocrx_word' id='word_1_161' title='bbox 169 3301 231 3390; x_wconf 85' lang='lat' dir='ltr'>dici</span> <span class='ocrx_word' id='word_1_162' title='bbox 248 3316 448 3395; x_wconf 89' lang='lat' dir='ltr'>meruerit.</span> <span class='ocrx_word' id='word_1_163' title='bbox 490 3320 603 3426; x_wconf 84' lang='lat' dir='ltr'>Qos</span> <span class='ocrx_word' id='word_1_164' title='bbox 621 3342 698 3393; x_wconf 91' lang='lat' dir='ltr'>non</span> <span class='ocrx_word' id='word_1_165' title='bbox 713 3314 849 3420; x_wconf 91' lang='lat' dir='ltr'>legum</span> <span class='ocrx_word' id='word_1_166' title='bbox 870 3333 1118 3423; x_wconf 89' lang='lat' dir='ltr'>contemptus</span> <span class='ocrx_word' id='word_1_167' title='bbox 1132 3333 1199 3393; x_wconf 94' lang='lat' dir='ltr'>aut</span> <span class='ocrx_word' id='word_1_168' title='bbox 1213 3317 1294 3393; x_wconf 88' lang='lat' dir='ltr'>vio·</span> 
     </span>
     <span class='ocr_line' id='line_1_26' title="bbox 170 3410 1296 3518; baseline 0.003 -17"><span class='ocrx_word' id='word_1_169' title='bbox 170 3410 246 3502; x_wconf 73' lang='lat' dir='ltr'>latio</span> <span class='ocrx_word' id='word_1_170' title='bbox 264 3426 304 3504; x_wconf 92' lang='lat' dir='ltr'>in</span> <span class='ocrx_word' id='word_1_171' title='bbox 324 3425 561 3505; x_wconf 88' lang='lat' dir='ltr'>effraenatam</span> <span class='ocrx_word' id='word_1_172' title='bbox 580 3426 779 3504; x_wconf 89' lang='lat' dir='ltr'>licentiam</span> <span class='ocrx_word' id='word_1_173' title='bbox 800 3424 962 3518; x_wconf 83' lang='lat' dir='ltr'>effudit3</span> <span class='ocrx_word' id='word_1_174' title='bbox 985 3452 1063 3503; x_wconf 92' lang='lat' dir='ltr'>non</span> <span class='ocrx_word' id='word_1_175' title='bbox 1083 3426 1237 3504; x_wconf 89' lang='lat' dir='ltr'>virtutis</span> <span class='ocrx_word' id='word_1_176' title='bbox 1255 3445 1296 3504; x_wconf 87' lang='lat' dir='ltr'>et</span> 
     </span>
     <span class='ocr_line' id='line_1_27' title="bbox 168 3528 1295 3645; baseline 0.003 -34"><span class='ocrx_word' id='word_1_177' title='bbox 168 3528 284 3633; x_wconf 71' lang='lat' dir='ltr'>gloriae</span> <span class='ocrx_word' id='word_1_178' title='bbox 297 3535 390 3617; x_wconf 88' lang='lat' dir='ltr'>falsa</span> <span class='ocrx_word' id='word_1_179' title='bbox 404 3537 562 3645; x_wconf 89' lang='lat' dir='ltr'>species,</span> <span class='ocrx_word' id='word_1_180' title='bbox 574 3555 642 3616; x_wconf 93' lang='lat' dir='ltr'>aut</span> <span class='ocrx_word' id='word_1_181' title='bbox 656 3536 771 3615; x_wconf 90' lang='lat' dir='ltr'>stulta</span> <span class='ocrx_word' id='word_1_182' title='bbox 781 3555 961 3615; x_wconf 91' lang='lat' dir='ltr'>veterum</span> <span class='ocrx_word' id='word_1_183' title='bbox 977 3536 1174 3615; x_wconf 88' lang='lat' dir='ltr'>aemulatio</span> <span class='ocrx_word' id='word_1_184' title='bbox 1189 3536 1295 3615; x_wconf 90' lang='lat' dir='ltr'>inani</span> 
     </span>
     <span class='ocr_line' id='line_1_28' title="bbox 165 3646 1296 3741; baseline 0.003 -18"><span class='ocrx_word' id='word_1_185' title='bbox 165 3648 310 3729; x_wconf 84' lang='lat' dir='ltr'>romine</span> <span class='ocrx_word' id='word_1_186' title='bbox 329 3648 518 3728; x_wconf 87' lang='lat' dir='ltr'>libertatis</span> <span class='ocrx_word' id='word_1_187' title='bbox 536 3648 725 3741; x_wconf 91' lang='lat' dir='ltr'>incendit,</span> <span class='ocrx_word' id='word_1_188' title='bbox 752 3646 816 3727; x_wconf 90' lang='lat' dir='ltr'>sed</span> <span class='ocrx_word' id='word_1_189' title='bbox 842 3648 1065 3727; x_wconf 88' lang='lat' dir='ltr'>innocentia</span> <span class='ocrx_word' id='word_1_190' title='bbox 1083 3648 1184 3738; x_wconf 87' lang='lat' dir='ltr'>vitae,</span> <span class='ocrx_word' id='word_1_191' title='bbox 1205 3675 1296 3726; x_wconf 91' lang='lat' dir='ltr'>mo-</span> 
     </span>
     <span class='ocr_line' id='line_1_29' title="bbox 164 3758 1296 3868; baseline 0.003 -34"><span class='ocrx_word' id='word_1_192' title='bbox 164 3776 320 3868; x_wconf 86' lang='lat' dir='ltr'>rumque</span> <span class='ocrx_word' id='word_1_193' title='bbox 340 3759 514 3839; x_wconf 68' lang='lat' dir='ltr'>sanditas</span> <span class='ocrx_word' id='word_1_194' title='bbox 534 3763 685 3839; x_wconf 70' lang='lat' dir='ltr'>rectum</span> <span class='ocrx_word' id='word_1_195' title='bbox 704 3779 822 3866; x_wconf 89' lang='lat' dir='ltr'>atque</span> <span class='ocrx_word' id='word_1_196' title='bbox 842 3758 968 3838; x_wconf 90' lang='lat' dir='ltr'>solum</span> <span class='ocrx_word' id='word_1_197' title='bbox 984 3760 1059 3837; x_wconf 87' lang='lat' dir='ltr'>iter</span> <span class='ocrx_word' id='word_1_198' title='bbox 1074 3759 1121 3836; x_wconf 93' lang='lat' dir='ltr'>ad</span> <span class='ocrx_word' id='word_1_199' title='bbox 1138 3758 1296 3837; x_wconf 90' lang='lat' dir='ltr'>liberta·</span> 
     </span>
     <span class='ocr_line' id='line_1_30' title="bbox 162 3868 1294 3977; baseline 0.004 -33"><span class='ocrx_word' id='word_1_200' title='bbox 162 3882 234 3949; x_wconf 84' lang='lat' dir='ltr'>tem</span> <span class='ocrx_word' id='word_1_201' title='bbox 268 3897 402 3950; x_wconf 90' lang='lat' dir='ltr'>veram</span> <span class='ocrx_word' id='word_1_202' title='bbox 432 3870 581 3965; x_wconf 90' lang='lat' dir='ltr'>docuit,</span> <span class='ocrx_word' id='word_1_203' title='bbox 611 3870 747 3977; x_wconf 91' lang='lat' dir='ltr'>legum</span> <span class='ocrx_word' id='word_1_204' title='bbox 775 3889 814 3949; x_wconf 90' lang='lat' dir='ltr'>et</span> <span class='ocrx_word' id='word_1_205' title='bbox 845 3869 1046 3976; x_wconf 87' lang='lat' dir='ltr'>religionis</span> <span class='ocrx_word' id='word_1_206' title='bbox 1081 3868 1294 3973; x_wconf 88' lang='lat' dir='ltr'>Justiffima</span> 
     </span>
     <span class='ocr_line' id='line_1_31' title="bbox 157 3976 1396 4088; baseline 0.002 -30"><span class='ocrx_word' id='word_1_207' title='bbox 157 3976 321 4061; x_wconf 86' lang='lat' dir='ltr'>defenfio</span> <span class='ocrx_word' id='word_1_208' title='bbox 341 3979 548 4061; x_wconf 73' lang='lat' dir='ltr'>necessario</span> <span class='ocrx_word' id='word_1_209' title='bbox 561 3982 738 4062; x_wconf 89' lang='lat' dir='ltr'>armavit.</span> <span class='ocrx_word' id='word_1_210' title='bbox 796 3983 931 4088; x_wconf 92' lang='lat' dir='ltr'>Atque</span> <span class='ocrx_word' id='word_1_211' title='bbox 951 3981 1009 4058; x_wconf 93' lang='lat' dir='ltr'>illi</span> <span class='ocrx_word' id='word_1_212' title='bbox 1029 3981 1192 4087; x_wconf 89' lang='lat' dir='ltr'>quidem</span> <span class='ocrx_word' id='word_1_213' title='bbox 1206 3982 1297 4061; x_wconf 92' lang='lat' dir='ltr'>Deo</span> <span class='ocrx_word' id='word_1_214' title='bbox 1387 4065 1396 4079; x_wconf 65' lang='grc'>,</span> 
     </span>
     <span class='ocr_line' id='line_1_32' title="bbox 222 4088 1297 4203; baseline -0.001 -31"><span class='ocrx_word' id='word_1_215' title='bbox 222 4094 231 4109; x_wconf 85' lang='grc'><strong><em>’</em></strong></span> <span class='ocrx_word' id='word_1_216' title='bbox 262 4093 312 4172; x_wconf 91' lang='lat' dir='ltr'>de</span> <span class='ocrx_word' id='word_1_217' title='bbox 330 4091 478 4184; x_wconf 86' lang='lat' dir='ltr'>confifi,</span> <span class='ocrx_word' id='word_1_218' title='bbox 493 4091 718 4172; x_wconf 88' lang='lat' dir='ltr'>servitutem</span> <span class='ocrx_word' id='word_1_219' title='bbox 736 4088 1008 4171; x_wconf 85' lang='lat' dir='ltr'>honestiffimis</span> <span class='ocrx_word' id='word_1_220' title='bbox 1031 4091 1150 4185; x_wconf 84' lang='lat' dir='ltr'>armis</span> <span class='ocrx_word' id='word_1_221' title='bbox 1168 4120 1297 4203; x_wconf 90' lang='lat' dir='ltr'>pepu-</span> 
     </span>
     <span class='ocr_line' id='line_1_33' title="bbox 153 4118 1295 4310; baseline 0 -27"><span class='ocrx_word' id='word_1_222' title='bbox 153 4118 262 4283; x_wconf 48' lang='lat' dir='ltr'>bisen:¹</span> <span class='ocrx_word' id='word_1_223' title='bbox 287 4202 399 4308; x_wconf 88' lang='lat' dir='ltr'>cujus</span> <span class='ocrx_word' id='word_1_224' title='bbox 418 4204 542 4283; x_wconf 89' lang='lat' dir='ltr'>laudis</span> <span class='ocrx_word' id='word_1_225' title='bbox 561 4203 630 4282; x_wconf 76' lang='lat' dir='ltr'>etsi</span> <span class='ocrx_word' id='word_1_226' title='bbox 653 4203 803 4281; x_wconf 90' lang='lat' dir='ltr'>nullam</span> <span class='ocrx_word' id='word_1_227' title='bbox 822 4222 975 4310; x_wconf 88' lang='lat' dir='ltr'>partem</span> <span class='ocrx_word' id='word_1_228' title='bbox 995 4199 1096 4281; x_wconf 89' lang='lat' dir='ltr'>mihi</span> <span class='ocrx_word' id='word_1_229' title='bbox 1114 4204 1295 4296; x_wconf 92' lang='lat' dir='ltr'>vendico,</span> 
     </span>
     <span class='ocr_line' id='line_1_34' title="bbox 150 4311 1297 4422; baseline 0 -27"><span class='ocrx_word' id='word_1_230' title='bbox 150 4311 484 4422; x_wconf 71' lang='lat' dir='ltr'>ireprehenstone</span> <span class='ocrx_word' id='word_1_231' title='bbox 504 4332 636 4393; x_wconf 88' lang='lat' dir='ltr'>tamen</span> <span class='ocrx_word' id='word_1_232' title='bbox 651 4316 712 4394; x_wconf 89' lang='lat' dir='ltr'>vel</span> <span class='ocrx_word' id='word_1_233' title='bbox 734 4312 954 4393; x_wconf 90' lang='lat' dir='ltr'>timiditatis</span> <span class='ocrx_word' id='word_1_234' title='bbox 969 4313 1031 4392; x_wconf 93' lang='lat' dir='ltr'>vel</span> <span class='ocrx_word' id='word_1_235' title='bbox 1051 4315 1227 4420; x_wconf 84' lang='lat' dir='ltr'>ignaviae,</span> <span class='ocrx_word' id='word_1_236' title='bbox 1248 4316 1297 4395; x_wconf 91' lang='lat' dir='ltr'>fi-</span> 
     </span>
     <span class='ocr_line' id='line_1_35' title="bbox 148 4423 1299 4535; baseline 0.001 -31"><span class='ocrx_word' id='word_1_237' title='bbox 148 4452 228 4535; x_wconf 92' lang='lat' dir='ltr'>qua</span> <span class='ocrx_word' id='word_1_238' title='bbox 243 4423 426 4519; x_wconf 89' lang='lat' dir='ltr'>infertur,</span> <span class='ocrx_word' id='word_1_239' title='bbox 447 4423 561 4505; x_wconf 69' lang='lat' dir='ltr'>facile</span> <span class='ocrx_word' id='word_1_240' title='bbox 580 4453 644 4504; x_wconf 87' lang='lat' dir='ltr'>me</span> <span class='ocrx_word' id='word_1_241' title='bbox 669 4445 794 4504; x_wconf 92' lang='lat' dir='ltr'>tueor.</span> <span class='ocrx_word' id='word_1_242' title='bbox 854 4425 999 4532; x_wconf 90' lang='lat' dir='ltr'>Neque</span> <span class='ocrx_word' id='word_1_243' title='bbox 1020 4425 1127 4503; x_wconf 91' lang='lat' dir='ltr'>enim</span> <span class='ocrx_word' id='word_1_244' title='bbox 1148 4425 1299 4505; x_wconf 88' lang='lat' dir='ltr'>militiae</span> 
     </span>
     <span class='ocr_line' id='line_1_36' title="bbox 146 4534 1300 4645; baseline -0.003 -27"><span class='ocrx_word' id='word_1_245' title='bbox 146 4536 304 4618; x_wconf 80' lang='lat' dir='ltr'>labores</span> <span class='ocrx_word' id='word_1_246' title='bbox 319 4553 360 4615; x_wconf 94' lang='lat' dir='ltr'>et</span> <span class='ocrx_word' id='word_1_247' title='bbox 379 4536 552 4645; x_wconf 82' lang='lat' dir='ltr'>pericula</span> <span class='ocrx_word' id='word_1_248' title='bbox 572 4536 623 4616; x_wconf 88' lang='lat' dir='ltr'>fic</span> <span class='ocrx_word' id='word_1_249' title='bbox 642 4534 795 4642; x_wconf 90' lang='lat' dir='ltr'>defugi,</span> <span class='ocrx_word' id='word_1_250' title='bbox 819 4554 958 4615; x_wconf 90' lang='lat' dir='ltr'>utnon</span> <span class='ocrx_word' id='word_1_251' title='bbox 978 4536 1053 4615; x_wconf 89' lang='lat' dir='ltr'>alia</span> <span class='ocrx_word' id='word_1_252' title='bbox 1073 4536 1236 4626; x_wconf 89' lang='lat' dir='ltr'>ratione,</span> <span class='ocrx_word' id='word_1_253' title='bbox 1259 4555 1300 4615; x_wconf 90' lang='lat' dir='ltr'>et</span> 
     </span>
     <span class='ocr_line' id='line_1_37' title="bbox 143 4645 1299 4760; baseline -0.007 -28"><span class='ocrx_word' id='word_1_254' title='bbox 143 4674 330 4760; x_wconf 88' lang='lat' dir='ltr'>operam,</span> <span class='ocrx_word' id='word_1_255' title='bbox 350 4646 479 4728; x_wconf 86' lang='lat' dir='ltr'>multb</span> <span class='ocrx_word' id='word_1_256' title='bbox 504 4647 722 4740; x_wconf 88' lang='lat' dir='ltr'>utiliorem,</span> <span class='ocrx_word' id='word_1_257' title='bbox 740 4674 812 4726; x_wconf 88' lang='lat' dir='ltr'>nec</span> <span class='ocrx_word' id='word_1_258' title='bbox 836 4648 988 4727; x_wconf 91' lang='lat' dir='ltr'>minore</span> <span class='ocrx_word' id='word_1_259' title='bbox 1015 4674 1109 4727; x_wconf 87' lang='lat' dir='ltr'>eum</span> <span class='ocrx_word' id='word_1_260' title='bbox 1123 4645 1299 4753; x_wconf 88' lang='lat' dir='ltr'>periculo</span> 
     </span>
    </p>
   </div>
   <div class='ocr_carea' id='block_1_3' title="bbox 142 4757 1301 4863">
    <p class='ocr_par' dir='ltr' id='par_1_3' title="bbox 142 4757 1301 4863">
     <span class='ocr_line' id='line_1_38' title="bbox 142 4757 1301 4863; baseline -0.007 -20"><span class='ocrx_word' id='word_1_261' title='bbox 142 4761 252 4843; x_wconf 79' lang='lat' dir='ltr'>meis</span> <span class='ocrx_word' id='word_1_262' title='bbox 260 4757 413 4841; x_wconf 88' lang='lat' dir='ltr'>civibus</span> <span class='ocrx_word' id='word_1_263' title='bbox 423 4758 847 4853; x_wconf 86' lang='lat' dir='ltr'>navarim,etanimum</span> <span class='ocrx_word' id='word_1_264' title='bbox 855 4757 984 4840; x_wconf 86' lang='lat' dir='ltr'>dubiis</span> <span class='ocrx_word' id='word_1_265' title='bbox 997 4759 1037 4838; x_wconf 92' lang='lat' dir='ltr'>in</span> <span class='ocrx_word' id='word_1_266' title='bbox 1047 4757 1160 4837; x_wconf 88' lang='lat' dir='ltr'>rebus</span> <span class='ocrx_word' id='word_1_267' title='bbox 1173 4782 1301 4863; x_wconf 90' lang='lat' dir='ltr'>neque</span> 
     </span>
    </p>
   </div>
   <div class='ocr_carea' id='block_1_4' title="bbox 0 0 1463 5204">
    <p class='ocr_par' dir='ltr' id='par_1_4' title="bbox 0 0 1463 5204">
     <span class='ocr_line' id='line_1_39' title="bbox 0 0 1463 5204; baseline 0 0"><span class='ocrx_word' id='word_1_268' title='bbox 0 0 1463 5204; x_wconf 95' lang='lat' dir='ltr'> </span> 
     </span>
    </p>
   </div>
  </div>
 </body>
</html>
