2888 5204
144 184 226 265 260
417 172 507 265 Pro
534 165 718 302 Populo
746 166 1017 299 Anglicano

145 346 394 460 profiteretur
415 346 638 428 authorem.
698 347 855 456 Nequis
881 347 1006 456 igitur
1036 346 1197 429 miretur
1215 372 1266 427 cur
1311 375 1321 452 :2

147 461 184 542 sc
200 461 353 541 exorari
370 477 452 540 tam
471 457 586 540 facile
606 460 652 539 sit
670 459 812 568 pallus,
832 473 878 539 ut
895 487 963 539 me
983 478 1071 541 tam
1089 460 1269 571 impudcn·
1310 462 1322 535 i

149 592 210 655 ter
228 573 336 653 nulla
354 573 404 652 de
426 571 539 652 causa
561 570 771 666 lacesseret,
787 590 828 651 et
846 571 992 652 alienas
1009 570 1138 653 ctiam
1154 574 1272 653 intem·
1314 664 1318 673 ,

150 685 277 795 peries
296 684 337 763 in
357 683 394 763 se
418 681 624 777 transferre
646 703 765 791 atque
784 684 959 791 praestare
980 701 1068 763 tam
1083 712 1157 795 pro
1172 681 1274 764 nihilo

149 797 326 890 duceret,
351 822 444 904 erga
472 821 609 876 omnes
631 796 753 875 etiam
775 793 872 875 alios
895 790 1277 904 quemadmodumb

149 907 319 1015 gesserit,
339 908 449 989 sicuti
463 933 538 1015 ego
553 926 805 1016 compertum
823 904 966 1001 habeo,
977 906 1200 989 ostendam.
1223 904 1276 987 Et
1314 1005 1318 1013 Ι

151 1021 322 1101 Ulaccus
342 1019 446 1099 unde
465 1019 646 1127 gentium
670 1017 815 1113 nescio,
838 1045 961 1127 vagus
987 1018 1159 1127 quidam
1182 1018 1277 1099 libn-
1321 1076 1323 1081 -

150 1133 287 1226 riolus,
300 1150 492 1211 veterator
506 1149 622 1238 atque
639 1129 821 1211 decoctor
833 1129 1072 1226 notiffimus,
1084 1132 1120 1213 is
1131 1126 1277 1213 modin?

147 1243 375 1351 aliquandiu
396 1240 612 1350 bibliopola
629 1240 708 1322 fuit
722 1241 996 1337 clanculariuS,
1014 1268 1101 1350 qua
1118 1272 1170 1324 ex
1187 1243 1276 1335 urbe,
1314 1243 1317 1253 '

150 1356 237 1465 post
256 1357 478 1435 innumeras
495 1351 664 1449 fraudes,
681 1353 869 1435 obaeratus
884 1352 1056 1463 aufugit.
1118 1355 1279 1437 Eundem
1322 1456 1324 1465 Ι

152 1467 304 1547 Parisiis
323 1466 401 1547 fide
419 1464 564 1545 callum
578 1484 618 1545 et
629 1464 733 1545 male
748 1467 900 1575 agendo
915 1465 1130 1574 infignem,
1143 1468 1207 1548 via
1218 1484 1281 1549 too

146 1576 1282 1688 Jacobaeacognovit:undeolimquoqueprofugusnemul·

149 1690 199 1771 tis
209 1688 372 1800 quidem
384 1688 731 1798 parasangisaudet
741 1690 1187 1800 appropinquare,nunc
1197 1689 1285 1774 fini

148 1828 249 1910 opus
269 1799 324 1881 est
345 1799 545 1880 balatrone
570 1800 828 1911 perditissimo
850 1821 968 1909 atque
986 1802 1138 1897 venali,
1161 1804 1287 1914 proh!

150 1913 435 2022 Hagaecomitis
454 1911 747 2022 Typographus
766 1917 956 1994 recoctus.
1015 1914 1146 1997 Hunc
1171 1935 1218 1997 ut
1237 1916 1288 1997 irs

149 2025 350 2133 telligatis,
372 2024 469 2133 quid
491 2023 597 2105 dicat
620 2024 766 2132 quidve
789 2044 894 2133 agat,
918 2020 1040 2133 quam
1062 2024 1171 2107 nihil
1196 2024 1291 2139 peni

150 2133 307 2233 habeat,
327 2135 427 2216 nihil
447 2134 521 2215 effe
541 2154 623 2215 tam
647 2135 838 2233 sanctum,
863 2136 970 2246 quod
996 2164 1076 2218 non
1105 2138 1221 2223 lucro
1237 2138 1293 2221 vel

148 2249 299 2357 exiguo
311 2248 500 2358 posterius
511 2266 639 2356 putet,
652 2247 768 2357 seque
782 2276 862 2328 non
876 2247 988 2328 causa
1001 2248 1181 2358 publica,
1193 2248 1293 2363 quod

147 2361 238 2466 quis
258 2359 435 2469 putasset,
458 2358 510 2438 fic
536 2359 577 2437 in
604 2388 670 2440 me
690 2360 764 2440 effe
789 2357 1090 2455 debacchatum,
1110 2360 1296 2446 fatentem

151 2470 281 2579 ipsum
299 2474 340 2551 in
357 2470 394 2550 se
411 2469 548 2550 testem
594 2471 796 2553 roducam.
856 2472 1004 2552 ls-cum
1021 2472 1181 2557 vidisset
1193 2474 1295 2585 quod

149 2581 191 2659 in
207 2582 438 2662 Salmasrum
458 2499 697 2691 scripsdram,
718 2583 914 2664 nonnullis
935 2583 1102 2664 librariis
1121 2615 1198 2667 aera
1215 2615 1296 2669 mc·

149 2693 825 2802 ruisse,scribitadamicosquosdam
836 2719 1295 2806 meosmecumagerent,

150 2821 195 2883 ut
211 2806 336 2914 fiquid
352 2804 539 2885 haberem
555 2808 848 2901 excudendum,
868 2806 938 2887 fibi
958 2809 1294 2906 committeretur3

148 2915 186 2996 se
202 2921 305 3028 typis
324 2915 441 3026 longe
456 2917 701 3012 melioribus,
718 2916 840 3026 quam
855 2921 925 3027 qui
941 2916 1050 3028 pribs
1068 2921 1294 3017 excudisset,

149 3031 451 3111 mandaturum:
482 3029 661 3138 respondi
679 3057 751 3137 per
770 3029 941 3125 eosdem,
968 3058 1046 3111 non
1067 3028 1216 3114 habere
1234 3060 1294 3115 me

149 3140 188 3219 in
210 3142 422 3251 praesentia,
447 3142 556 3247 quod
575 3140 717 3220 excuso
734 3140 825 3222 effet
844 3170 955 3251 opus.
1015 3145 1121 3223 Ecce
1142 3143 1293 3227 autem!

149 3255 214 3332 cui
226 3253 334 3334 suam
347 3279 509 3362 operam
523 3251 1293 3350 tamofficiosemododetulerat,ineum

148 3361 255 3445 haud
269 3363 322 3446 ita
336 3363 465 3444 multo
481 3363 581 3472 post,
595 3363 728 3472 scripti
742 3365 1119 3446 contumeliofissimi
1134 3394 1216 3450 non
1227 3396 1293 3449 ex·

149 3476 261 3556 cosor
280 3473 405 3557 solhm
435 3474 498 3554 sed
523 3493 564 3554 et
587 3472 742 3569 author,
767 3475 987 3558 subdititius
1011 3476 1122 3571 licet,
1151 3480 1291 3590 prodit.

149 3587 410 3693 Indignamur
423 3586 565 3681 amici;
587 3585 761 3667 rescribit
776 3588 1151 3696 impudentiffimus,
1164 3589 1293 3673 mirari

147 3695 185 3776 se
198 3698 488 3807 fimplicitatem
504 3725 657 3791 eorum,
672 3717 712 3779 et
725 3726 858 3778 rerum
873 3700 1130 3807 imperitiam,
1145 3705 1219 3811 qui
1235 3699 1293 3783 of·

146 3807 228 3888 ficii
241 3810 434 3889 rationem
445 3827 513 3888 aut
527 3806 680 3889 honesti
691 3810 739 3889 ab
752 3809 789 3889 se
803 3811 965 3919 exigant
975 3832 1043 3892 aut
1056 3812 1291 3897 desiderentr

147 3917 243 4000 chm
258 3920 414 4000 videant
428 3920 572 4028 quibus
588 3921 704 4001 rebus
714 3921 907 4059 puaestum
919 3922 1061 4005 faciat:
1094 3920 1135 4005 se¹
1147 3925 1202 4007 ab
1215 3924 1293 4036 ipso

147 4033 331 4113 Salmafio
344 4032 454 4111 illam
466 4030 687 4142 epistolam,
700 4060 794 4112 cum
807 4032 908 4114 libro
921 4034 1127 4144 accepiss‘e3
1147 4039 1293 4147 quito·

145 4146 277 4252 gabat,
306 4146 345 4224 id
366 4145 425 4224 uti
448 4143 515 4222 sua
537 4145 676 4249 gratia,
701 4145 821 4225 vellet
845 4143 971 4226 sacerc
990 4148 1099 4255 quod
1120 4147 1241 4247 fecit;
1268 4149 1294 4231 si

145 4258 354 4349 Miltonio,
382 4256 444 4335 vel
475 4255 600 4335 cuivis
631 4256 745 4337 alteri
774 4256 901 4337 visum
926 4257 1020 4340 esset
1049 4260 1292 4371 respondere,

145 4371 301 4451 nullum
337 4367 407 4448 fibi
441 4367 514 4449 effe
543 4366 785 4476 scrupulum,
825 4368 1016 4478 srquidem
1053 4374 1197 4456 cadem
1235 4374 1294 4455 suc
