2888 5204
82 39 1436 377 u

233 537 255 618 8
684 516 913 622 Praefatio.

232 700 320 782 illuc
340 701 576 813 perveniset,
599 720 786 813 repertum
809 701 849 783 in
879 699 993 782 libero
1014 698 1224 811 prasertim
1245 698 1380 810 populo

218 812 295 919 sui
317 846 336 894 e
358 816 487 909 ullum,
516 834 595 895 tam
617 815 671 896 ad
679 814 906 921 servitutem
928 832 1073 908 natum,
1101 813 1168 923 qni
1192 840 1255 892 nos
1282 808 1380 891 dillo

233 925 397 1021 laderet,
413 948 481 1006 aut
489 928 646 1034 fabium
662 926 820 1035 nostrum
839 925 989 1006 crimini
1002 924 1139 1018 daret,·
1167 923 1235 1004 ino
1252 919 1381 1033 potitis

234 1067 350 1117 omnes
368 1038 472 1119 bonos
489 1039 607 1119 omnia
626 1037 718 1120 bona
732 1038 857 1148 diuise
867 1069 882 1131 ,·
908 1038 1107 1148 quinetiam
1126 1038 1208 1116 Deo
1227 1035 1382 1142 gratias

234 1147 352 1259 egisse,
375 1152 441 1260 qui
466 1152 665 1261 exemplum
684 1149 845 1259 jnslitiae
872 1168 950 1232 tam
981 1150 1121 1259 illustre
1142 1166 1180 1228 et
1204 1147 1309 1228 excel
1318 1174 1380 1225 um

235 1260 402 1355 ediderit,
415 1262 575 1373 qnodque
585 1263 732 1344 cateris
742 1261 891 1371 regibus
900 1280 979 1342 tam
984 1259 1160 1369 salutari
1174 1258 1382 1340 documento

236 1373 302 1482 effi
312 1373 428 1483 poffit.
487 1376 577 1484 Istos
595 1375 720 1485 itaque
743 1373 845 1455 feros
862 1401 910 1454 ac
928 1372 1073 1454 ferreos
1094 1372 1241 1453 caedem
1266 1369 1382 1478 nescio

236 1485 342 1591 cujus
361 1486 636 1580 miserabilem,
666 1515 712 1566 ac
734 1486 959 1567 mirabilem
979 1487 1184 1595 plorantes,
1212 1513 1293 1566 cum
1309 1483 1385 1589 suo

237 1596 379 1678 tinnulo
401 1609 561 1691 oratore,
589 1598 675 1708 post
698 1601 855 1706 regium
882 1601 924 1678 in
950 1599 1044 1678 orbe
1067 1624 1213 1677 nomen
1243 1614 1384 1675 natum

238 1728 470 1818 notumque,
481 1710 732 1818 frsgsdfflmo,
752 1711 864 1791 etiam
881 1729 994 1819 atque
1011 1710 1121 1792 ettam
1137 1709 1292 1818 plorare
1308 1707 1383 1815 ju-

236 1819 370 1901 bemus.
412 1825 473 1902 At
491 1826 571 1933 quis
585 1823 731 1903 interim
750 1821 964 1930 eludoserl
975 1839 1088 1931 puer,
1104 1839 1173 1900 ant
1190 1823 1211 1903 e>
1226 1817 1384 1902 coenobio

237 1934 364 2041 quovis
368 1933 612 2041 fraterculus
625 1934 746 2041 castam
760 1937 858 2015 lsunc
871 1935 971 2041 regis
982 1964 1052 2015 non
1070 1933 1182 2013 multo
1195 1929 1384 2040 dsertisis,

239 2045 307 2125 imo
323 2044 502 2126 Latinius
520 2047 586 2127 hoc
609 2065 755 2127 oratore
778 2046 878 2155 regio
896 2043 1189 2155 declamasset?
1248 2042 1388 2124 Verum

238 2185 301 2263 ego
319 2157 476 2266 ineptior
478 2159 568 2264 ſsrn,
574 2159 618 2264 s
634 2159 831 2267 s'rsantiam
850 2159 960 2267 hujus
973 2177 1011 2239 et
1028 2158 1267 2239 deliramenta
1285 2157 1388 2237 hunc

239 2268 278 2347 in
292 2269 430 2349 modum
442 2289 516 2351 toto
530 2271 710 2351 volumine
719 2274 899 2352 accurat>
911 2270 1135 2381 persequar,·
1153 2267 1249 2379 quod
1262 2286 1388 2354 tamen

238 2381 350 2462 libens
354 2382 542 2490 facerem,
557 2384 585 2494 s
584 2385 749 2492 qnoniam
754 2384 938 2492 stuperbid
952 2403 988 2463 et
993 2382 1164 2492 fastidid,
1177 2399 1221 2461 nt
1224 2380 1386 2488 ferunt,

226 2493 352 2601 stupra
371 2494 509 2575 modum
534 2493 692 2605 turget)
718 2498 761 2575 ni
778 2496 867 2576 mole
890 2493 1038 2575 tantum
1060 2493 1153 2574 libri
1171 2493 1388 2574 inconcinnd

240 2625 351 2714 atque
367 2606 603 2714 inconditdst
615 2623 842 2715 protegeret,
857 2626 895 2688 et
913 2607 1036 2687 veluti
1049 2607 1150 2687 miles
1164 2605 1225 2685 ille
1245 2601 1387 2686 Teren-

239 2717 366 2796 tianus
373 2718 452 2827 posl
460 2719 648 2827 principia
662 2718 823 2799 lateret:
844 2718 973 2799 callido
979 2717 1076 2824 stone
1091 2717 1245 2824 corallio,
1261 2736 1305 2799 ut
1323 2718 1385 2799 dc-

225 2827 348 2937 sesns
361 2830 517 2938 fingula
543 2829 698 2911 notando
727 2832 837 2911 etiam
859 2833 1065 2911 acerrimus
1091 2831 1250 2940 quisque,
1277 2829 1387 2910 taedio

235 2938 609 3049 priiscorficeretur,
622 2941 861 3052 quimomnia
875 2940 1132 3050 redargueret.
1182 2944 1299 3023 Nunc
1309 2940 1387 3048 ejus

241 3053 414 3162 quoddam
423 3057 607 3163 specimen
626 3055 716 3136 dare
739 3056 811 3136 lonc
832 3057 956 3136 veluti
967 3055 1186 3164 pralnstone
1201 3054 1388 3135 duntaxat

240 3165 346 3244 volui
352 3198 366 3259 ;
387 3185 424 3246 et
442 3167 601 3248 cordatis
615 3167 808 3264 lelloribus
820 3166 846 3246 d
858 3167 1180 3277 princpioslatim
1194 3165 1386 3275 degustan-

241 3277 325 3357 dum
340 3278 510 3360 homonem
523 3277 707 3389 praebere,
728 3298 771 3359 ut
790 3280 828 3359 in
847 3279 919 3359 hac
931 3279 1085 3388 pagina
1099 3280 1207 3359 unius
1218 3279 1386 3387 promul-

227 3388 311 3493 sde
332 3391 566 3499 experiamur
587 3390 696 3500 quim
724 3392 827 3471 lauti
853 3421 916 3471 nos
944 3410 981 3470 et
1009 3392 1216 3471 luculenter
1242 3390 1388 3471 catoris

229 3503 397 3610 ferculis
415 3521 634 3613 excepturus
634 3505 714 3607 st,·
735 3522 894 3612 quantos
912 3503 1069 3612 ineptias
1083 3522 1195 3613 atque
1208 3501 1390 3610 infantias

242 3633 316 3697 toto
334 3632 437 3724 opere
448 3615 671 3724 congesserit,
687 3616 752 3725 qui
763 3633 841 3696 tam
860 3614 999 3722 derfies,
1016 3612 1082 3694 ubi
1092 3615 1236 3696 miniml
1253 3614 1389 3707 decuit,

242 3729 281 3807 in
299 3727 376 3837 spstz
381 3728 518 3837 fronte
536 3728 738 3810 collocavit.
798 3727 943 3807 Exinde
961 3729 1081 3807 multa
1091 3728 1336 3834 garrientem,
1355 3745 1392 3806 et

229 3839 410 3945 scombris
425 3841 689 3920 concionantem
695 3840 820 3946 sacili
829 3857 1033 3949 pratereo;
1053 3838 1256 3948 adnostros
1267 3856 1389 3919 autem

243 3983 302 4031 res
320 3949 417 4060 qnod
429 3953 579 4041 attinet,
601 3951 705 4030 hand
719 3950 928 4032 dubitamus
946 3953 1033 4061 quin
1052 3980 1110 4045 ea,
1126 3981 1209 4062 quoe
1221 3951 1392 4032 authori·

243 4083 323 4143 tate
344 4054 736 4171 Parlamentiscrtpta
748 4062 896 4172 publice
915 4080 952 4142 et
970 4060 1280 4169 declaratastsnt,
1292 4060 1396 4171 apud

243 4206 360 4256 omnes
378 4174 482 4255 bonos
501 4194 537 4256 et
551 4174 751 4284 prudentes
769 4195 912 4256 exteros
922 4175 1012 4283 plns
1024 4174 1196 4284 ponderis
1214 4173 1393 4254 habitura

229 4288 327 4392 stnt,
348 4285 457 4397 qudm
482 4289 589 4368 unius
611 4286 900 4395 impudentffmi
921 4287 1162 4368 homuncionis
1183 4285 1393 4378 calumm'ae,

243 4419 282 4480 et
299 4398 509 4491 mendacia,·
540 4399 607 4508 qni
629 4399 677 4479 ab
697 4399 863 4479 exulibus
886 4399 1028 4508 nosris,
1052 4400 1196 4507 patria
1225 4396 1392 4505 hostibus,

84 4602 92 4609 ,
238 4516 361 4621 pretio
380 4512 589 4605 condnslus,
610 4510 765 4619 quolibet
783 4541 903 4591 eornm
923 4510 1086 4591 dictante
1100 4509 1231 4621 quibus
1248 4527 1395 4618 operam

230 4626 345 4731 sesam
369 4626 574 4715 locaverat,
604 4641 673 4702 aut
700 4623 946 4729 rumusculum
961 4622 1182 4730 spargente,
1197 4621 1395 4732 salsffima

243 4767 394 4849 quaque
406 4734 613 4829 corradere,
626 4752 663 4814 et
677 4733 715 4814 in
729 4736 899 4816 chartam
919 4734 1095 4841 conjicere
1105 4765 1174 4816 non
1188 4733 1393 4816 dubitavit.
