2888 5204
140 200 218 255 212
421 163 618 297 Joannis
643 156 852 292 Philippi
877 157 1030 290 Angli

141 337 263 416 chium
272 335 469 443 legitimam
479 336 517 415 in
532 334 665 416 Corolo
674 331 883 427 trucidare,
893 331 1182 443 quodtutoties
1193 328 1268 409 inri-
1315 367 1319 443 j

143 446 251 527 diose
267 467 308 527 et
318 447 517 556 parafiticd
529 444 767 527 vociferaris.
797 438 1271 554 Nuncquodminimee,

66 636 70 645 .
144 579 276 640 vatem
309 559 456 640 scilicet
487 579 528 640 et
556 560 876 640 concionatorem
907 557 1133 666 piiffimum
1163 552 1283 637 mults.

145 672 330 780 deinceps
338 673 465 752 verbis
478 699 592 779 agere
602 672 730 780 cupis;
749 671 926 777 dumque
936 662 1275 751 adulterumvidei

146 802 184 862 te
203 785 363 876 metuis,
384 782 534 894 profers
558 784 841 876 adulterinum,
861 781 1048 889 Digitum
1071 780 1156 863 Dei
1171 774 1275 891 agani

145 894 259 976 cimus
276 914 314 976 et
332 924 556 977 veneramur
563 896 774 1006 punientem
796 894 991 1002 ingratum
1002 894 1197 1006 populum.
1234 892 1275 973 At

145 1006 295 1117 populo
314 1006 414 1088 bend
438 1009 494 1088 est
524 1028 565 1115 et
589 1005 786 1117 prospere,
809 1033 933 1115 quem
959 1024 1005 1086 tu
1033 1006 1276 1115 nequioqur!

146 1120 439 1227 ingratitudinis
451 1119 670 1200 accusas-tu
687 1114 819 1229 potiirs
831 1117 913 1198 Dei
926 1117 1110 1226 digitum
1122 1112 1275 1227 agnoitas

147 1250 185 1312 te
202 1230 363 1340 tuosque
380 1228 458 1311 uni
470 1260 565 1312 cum
576 1232 760 1312 omnibus
775 1230 931 1338 tyranni
944 1227 1171 1311 fautoribus
1183 1226 1276 1333 infit

145 1345 247 1424 niter
273 1345 519 1452 punientem.
578 1343 767 1438 Nondum,
793 1341 863 1437 ais,
887 1339 1082 1450 Hypereia
1104 1358 1144 1421 et
1168 1332 1276 1422 Porti·

131 1454 224 1561 ficii
253 1456 375 1536 velum
405 1454 655 1537 obduxerunt.
715 1454 827 1562 Qid
853 1453 966 1535 nobis
995 1451 1276 1565 Hispaniama

147 1567 374 1647 Pontificios
395 1568 508 1649 toties
529 1564 731 1648 immeriti>
750 1565 914 1672 objicis3
943 1567 1018 1672 qui
1041 1592 1127 1647 non
1145 1566 1275 1673 ignoro·

146 1706 234 1758 mus
255 1677 445 1758 Carolum
466 1697 581 1760 tuum
601 1680 798 1760 minorem
818 1678 859 1757 in
884 1676 1029 1784 Belgio
1047 1700 1276 1759 commons-

146 1807 227 1869 tem
252 1789 400 1898 legatos
427 1792 476 1871 ad
502 1793 652 1901 Papam
671 1790 826 1884 mififfe,
846 1809 892 1870 ut
914 1790 979 1869 vel
1004 1790 1055 1869 ab
1075 1788 1162 1900 ipso
1182 1784 1277 1869 Auti-

143 1901 288 1983 christo
309 1904 399 1981 Rex
412 1901 644 1983 reformatus
660 1921 796 1983 contra
810 1902 980 2010 patriam
994 1920 1037 1981 et
1051 1900 1275 1987 reformato.

144 2015 339 2095 auxilium
348 2014 590 2123 imploraret.
622 2008 1278 2122 Perfiecutio,inquiS,juminAuint

143 2126 305 2206 maximo
331 2127 394 2235 est,
419 2156 503 2235 quae
513 2125 703 2234 fuerutd
728 2144 887 2236 tempore
904 2155 973 2235 quo
984 2125 1148 2235 populus
1167 2118 1278 2231 aliquit

143 2238 393 2318 inhabitabat.
452 2239 519 2317 An
539 2238 663 2344 major
681 2239 727 2319 ed
745 2266 868 2347 quam
889 2237 1141 2319 Brammalus
1159 2236 1199 2315 in
1215 2232 1277 2315 Hi·

144 2349 279 2430 bernii
297 2378 423 2458 nuper
441 2351 642 2442 excitavit,
663 2351 733 2458 qui
745 2352 898 2431 curiam
918 2348 1189 2457 Inquifitionir
1200 2370 1277 2427 con·-

145 2461 312 2541 scientiis
336 2458 547 2542 hominum
574 2481 656 2542 tam
676 2461 858 2543 infestam
876 2481 917 2542 et
936 2462 1198 2569 tyrannicam,
1212 2484 1278 2567 pn·

144 2601 233 2653 mus
263 2573 445 2654 omnium
479 2575 519 2652 in
549 2574 790 2654 Hiberniam
820 2573 1055 2655 introduxit.
1115 2574 1179 2651 Te
1204 2562 1277 2649 vui

144 2686 259 2765 illum
284 2684 413 2795 ipsum
438 2684 549 2765 fuiffe
574 2685 773 2794 sequentia
798 2683 940 2767 claribs
963 2683 1190 2765 ostendunt.
1240 2678 1277 2757 In

144 2795 221 2877 hoc
240 2799 349 2876 enim
358 2796 443 2902 jam
464 2816 567 2877 totus
588 2825 643 2893 es,
664 2817 708 2879 ut
724 2798 1034 2879 Ecclefiasticam
1051 2794 1277 2904 tyrannidem

145 2908 343 2989 defendas.
403 2912 507 2988 Nom
522 2908 619 3018 quod
629 2928 756 3005 touta,
773 2912 918 3019 inquis,
922 2908 1009 3016 juon
1006 2908 1205 3100 patimur,
1215 2904 1277 2985 hec

145 3020 194 3129 est
212 3021 311 3101 ratio
323 3022 534 3131 precipua,
554 3020 652 3130 quod
662 3022 700 3101 in
714 3022 899 3131 aliquibus
913 3026 1005 3103 Ana
1029 3021 1279 3131 aptrsturunet

143 3152 361 3214 coeterorum
380 3134 534 3213 omnium
540 3132 835 3240 scismaticorum
854 3132 1075 3216 elamoribus
1090 3134 1195 3215 vium
1211 3154 1279 3213 ctu·

144 3244 319 3338 cedentes,
340 3273 409 3325 uno
425 3245 511 3326 dato
527 3243 904 3356 obsturdostquuntur
923 3246 1094 3354 iryiuitae.
1156 3238 1280 3354 Ipstffi·

144 3386 233 3438 mus
258 3356 324 3437 hic
349 3358 597 3439 Brammalus
620 3358 688 3437 ille
718 3360 928 3467 antiquum
954 3358 1125 3450 obtines,
1175 3356 1216 3437 ui
1232 3378 1282 3433 re·

143 3467 322 3549 formatis
350 3471 534 3550 omnibus
563 3468 870 3551 scismaticorum
904 3471 1067 3549 nomine
1099 3469 1143 3547 in
1246 3462 1285 3543 tis

144 3607 306 3659 ornnem
322 3581 564 3662 conscientia
579 3581 802 3663 libertatem
821 3584 993 3663 adimere
1008 3579 1206 3690 perpetub
1219 3578 1286 3659 stu·

143 3691 274 3771 debas.
326 3695 448 3775 Nunc
468 3695 630 3774 illorum
645 3696 952 3805 importunitati,
968 3695 1009 3774 id
1028 3693 1086 3772 est
1096 3691 1289 3773 conscien-

144 3804 220 3897 tiae,
241 3805 361 3885 etiarn
382 3806 570 3887 nonnulla
596 3835 772 3916 unquam
792 3807 966 3888 conceffa
987 3803 1102 3886 fuiffe
1127 3803 1292 3913 graviter

143 3916 265 3996 doles.
325 3918 445 4025 Reges
466 3919 679 4025 Anglorum
689 3918 867 4025 judicari
885 3917 982 4028 poffe
1005 3915 1123 4023 istuis
1132 3911 1294 4023 subditi}

143 4028 368 4109 Miltonum
388 4029 443 4109 ais
462 4029 617 4124 docere,
637 4031 794 4142 exemplo
806 4049 1017 4143 pravorum
1032 4040 1295 4137 temporanee

130 4140 225 4247 jure
243 4140 507 4251 dstrpientibus
524 4141 709 4224 damnatis
727 4145 870 4226 chortis
887 4141 1063 4249 obsoletis,
1080 4157 1121 4220 et
1137 4138 1183 4221 ob
1201 4136 1296 4221 rnul-

144 4273 205 4336 tos
223 4254 477 4363 corruptiones
494 4255 623 4336 meriti
638 4257 800 4366 explosts.
861 4254 972 4367 Qid
991 4253 1065 4334 isto
1083 4249 1299 4333 hominum

144 4395 287 4475 genere
318 4365 519 4448 absurdius
548 4387 616 4449 aut
645 4369 941 4479 impudentius?
971 4382 1152 4475 quarunt
1179 4360 1300 4447 modo
