2888 5204
463 565 702 667 Defensio.
742 575 859 704 Cap.
896 605 972 667 10.
1219 588 1295 690 169

141 745 271 826 multa
299 745 441 827 frivola
464 748 631 855 reperio,
659 748 784 827 multa
808 748 874 827 abs
899 768 937 827 te
960 747 1058 826 vitio
1081 747 1183 841 data,
1204 769 1298 856 'quae

141 856 253 937 laudi
272 859 451 939 ducenda
469 858 603 953 efl'ent,
624 858 718 939 huic
736 881 866 938 tamen
887 860 1050 939 alteram
1069 887 1120 938 ex
1139 859 1296 939 adverso

139 973 409 1051 narrationem
424 998 624 1080 opponere
642 969 741 1050 nihil
757 972 920 1051 arbitror
934 973 1112 1051 attinere.
1155 973 1295 1051 Ratio-

141 1081 262 1163 nibus
277 1085 387 1163 enim
402 1081 468 1163 htc
480 1110 558 1162 non
576 1084 860 1163 narrationibus
874 1103 1067 1178 certatur;
1086 1102 1202 1190 atque
1219 1084 1296 1164 illis

142 1195 371 1305 utrobique,
384 1224 463 1275 non
477 1193 538 1275 his
552 1195 648 1276 fides
659 1192 880 1276 habebitur.
932 1198 986 1275 Et
996 1193 1083 1275 sane
1096 1195 1295 1301 suntejus-

143 1307 256 1387 modi
276 1335 336 1388 res
356 1307 448 1401 istae,
472 1326 518 1387 ut
537 1308 607 1386 nisr
620 1307 722 1414 justa
742 1304 901 1387 historia
918 1308 996 1387 dici
1017 1336 1089 1416 pro
1105 1308 1294 1415 dignitate

144 1439 368 1527 nequeant:
399 1420 551 1500 Melius
571 1421 702 1527 itaque
721 1438 835 1527 puto,
858 1420 966 1528 quod
985 1419 1033 1498 de
1055 1418 1295 1528 Carthagine

144 1530 365 1626 Sallustius,
378 1532 486 1611 filere
502 1533 618 1611 tantis
630 1531 679 1610 de
691 1530 821 1623 rebus,
838 1528 957 1639 quim
977 1559 1119 1640 parum
1142 1533 1294 1614 dicere:

144 1670 277 1751 neque
294 1646 544 1723 committam
565 1662 610 1723 ut
629 1671 708 1723 non
727 1640 855 1723 solbm
874 1644 1049 1724 virorum
1069 1643 1295 1738 illustrium,

143 1752 208 1835 sed
223 1757 306 1835 Dei
326 1754 519 1866 precipue
540 1754 708 1835 maximi
727 1754 874 1849 laudes,
896 1756 937 1834 in
957 1753 1031 1834 hac
1047 1783 1180 1834 rerum
1201 1755 1295 1835 serie

144 1867 321 1947 mirabili
336 1866 535 1976 saepiffimd
561 1867 768 1961 iterandas,
795 1868 871 1947 tuis
895 1865 971 1947 hoc
994 1866 1096 1947 libro
1120 1869 1296 1947 intexam

143 1978 381 2090 opprobriis.
441 1981 500 2058 Ea
518 1980 640 2087 igitur
658 1979 863 2073 duntaxat,
879 2008 965 2087 quae
980 1981 1203 2088 argumenti
1224 1978 1296 2060 ha·

142 2091 236 2172 bere
252 2091 424 2201 speciem
439 2092 635 2184 videntur,
651 2119 724 2200 pro
743 2119 853 2172 more
870 2092 1092 2201 decerpam.
1151 2094 1298 2200 Anglos

140 2222 180 2284 et
191 2204 439 2313 Scotosquod
459 2205 513 2283 ais
519 2203 668 2311 solenni
683 2204 914 2284 conventione
922 2205 1075 2313 promfi
1099 2232 1131 2297 e,
1137 2204 1184 2311 st
1198 2206 1298 2312 regis

139 2315 366 2425 najestatem
400 2315 694 2423 conservaturos,
728 2317 879 2395 omittis
910 2315 1052 2424 quibus
1083 2316 1123 2395 id
1158 2317 1296 2397 condi-

142 2430 320 2509 tionibus
333 2427 570 2537 promisere3
602 2427 628 2506 fi
649 2428 750 2508 salvi
769 2429 960 2507 nimirum
982 2429 1170 2535 religione
1190 2447 1229 2507 et
1246 2429 1295 2507 li-

142 2541 294 2622 bertate
315 2541 355 2620 id
375 2540 458 2620 fieri
475 2539 622 2649 pollet:
653 2539 795 2648 quibus
816 2539 987 2648 utrisque
1003 2540 1051 2620 ad
1070 2559 1296 2620 extremum

143 2654 267 2762 usque
279 2652 461 2762 spiritum
477 2653 635 2760 iniquus
649 2650 746 2730 adeb
762 2670 800 2730 et
813 2652 1012 2733 insidiosus
1028 2680 1097 2731 rex
1113 2652 1182 2733 iste
1199 2673 1296 2747 erat,

142 2785 203 2860 ut,
224 2766 382 2844 vivente
405 2765 490 2858 illo,
511 2785 550 2844 et
573 2763 807 2871 religionem
830 2765 1155 2876 periclitaturam,
1182 2785 1222 2844 et
1248 2766 1297 2844 li·
1422 2771 1425 2777 ’

141 2877 340 2957 bertatem
353 2877 598 2956 interituram
611 2876 684 2954 effe
696 2875 811 2955 facile
825 2894 1041 2986 appareret.
1102 2877 1177 2955 Sed
1196 2878 1297 2957 redis

135 2990 225 3097 jam
244 2989 294 3069 ad
314 2989 402 3069 illos
414 2991 513 3097 regii
526 2988 709 3098 supplicii
723 2986 918 3068 authores.
979 2989 1098 3068 Sires
1116 2989 1297 3099 apstrpon-

142 3101 294 3183 deribus
307 3099 394 3206 suis
421 3118 458 3180 et
485 3101 670 3181 momentis
697 3101 797 3179 redi)
820 3100 1033 3208 aestimetur,
1054 3101 1175 3180 exitus
1188 3101 1302 3208 scabii

141 3213 301 3323 nefandi
314 3212 372 3293 ita
390 3210 717 3322 Independentibus
732 3212 914 3321 imputari
928 3212 1045 3305 debet,
1062 3231 1105 3291 ut
1117 3213 1302 3322 principii

142 3324 567 3436 etprogrqffusgloriarn
581 3321 1077 3434 Presbyterianistbipqffint
1091 3325 1294 3406 vindicare.

140 3440 297 3545 Audite
314 3436 608 3545 Prelbyteriani,
620 3435 762 3544 ecquid
779 3465 884 3515 nunc
896 3437 1023 3542 juvat,
1039 3439 1181 3544 ecquid
1202 3466 1298 3518 con-

142 3551 224 3631 fert
235 3550 285 3630 ad
297 3550 529 3628 innocentia
539 3569 579 3628 et
594 3548 790 3628 fidelitatis
801 3550 1030 3657 opinionem
1043 3549 1299 3657 vestrae,qubd

142 3661 277 3771 drege
290 3662 490 3770 puniendo
503 3660 711 3742 abhorrere
724 3659 924 3770 tantopere
937 3661 1193 3740 videremini?
1214 3662 1297 3741 Vos
1413 3747 1414 3750 ,

142 3776 220 3855 isto
238 3774 342 3882 regis
361 3776 489 3853 adore
508 3773 785 3865 verbosrffimo,
802 3771 1021 3853 accusatore
1036 3772 1177 3866 vestro,
1190 3773 1297 3882 plus-

142 3915 257 3998 quam
274 3884 462 3967 dinridium
478 3885 623 3966 itinerri
637 3884 779 3993 corffecr'
804 3884 862 3976 is:
884 3913 951 3964 vos
970 3884 1024 3965 ad
1034 3904 1212 3994 quartum
1230 3916 1298 3967 ac·

143 4017 226 4080 turn
248 4015 286 4079 et
315 3998 422 4078 ultra
454 3997 493 4077 in
520 3997 691 4078 dramate
717 3997 783 4076 hoc
808 3994 850 4076 de
866 3997 1016 4077 ultando
1032 3996 1300 4106 fragultri’ntes

130 4111 175 4217 s
204 4108 305 4193 dati
319 4110 426 4222 estis:
455 4138 524 4190 vos
543 4107 671 4189 mert'td
687 4108 786 4215 regis
803 4108 909 4213 occffi
924 4108 1075 4188 crimine
1094 4110 1222 4189 notari
1237 4110 1300 4191 de-

169 4224 240 4305 etr's
251 4252 267 4316 ,·
297 4239 341 4301 ut
363 4222 430 4332 qui
444 4221 546 4302 viam
564 4221 618 4301 ad
632 4220 746 4330 ipstrm
769 4219 997 4300 occidendum
1018 4221 1202 4329 mutastis:
1231 4251 1300 4302 vos

144 4335 332 4445 nefarrirrn
343 4335 445 4415 illam
444 4332 610 4440 securim
623 4331 829 4413 cervicibus
839 4330 918 4438 ejus
928 4332 1124 4442 irfiixistis,
1136 4363 1205 4414 non
1217 4335 1297 4415 alii.

145 4448 218 4529 Vae
235 4446 348 4527 vobis
368 4447 580 4555 imprimis,
601 4445 628 4524 fi
652 4472 826 4552 unquam
849 4445 958 4553 stirps
980 4446 1114 4525 Caroli
1132 4473 1300 4553 regnum

144 4558 310 4671 posthac
328 4560 371 4638 in
386 4559 541 4667 Anglos
557 4556 826 4665 recuperabit:
859 4556 901 4635 in
920 4584 1003 4650 vos,
1019 4556 1120 4636 mihi
1135 4557 1297 4649 credite,

144 4672 315 4754 cudetur
335 4668 418 4751 baec
437 4668 540 4751 faba.
600 4669 676 4748 Sed
696 4671 787 4749 Deo
806 4688 897 4748 vota
921 4668 1140 4777 persolvite,
1163 4667 1301 4749 fratres

144 4785 304 4895 diligite
322 4782 548 4864 liberatores
563 4782 721 4876 vestros,
741 4780 810 4890 qui
827 4779 937 4861 illam
951 4781 1231 4874 calamitatem,
1243 4798 1301 4860 at·
