2888 5204
479 514 716 618 Defensro.
758 524 1023 654 Cap.1.··
1236 562 1286 642 19
1413 473 1415 479 Ι

125 698 336 808 egregium
370 697 522 781 facinus
552 720 592 780 et
620 700 684 780 vel
712 698 881 780 heroicis
910 699 1085 778 aetatibus
1115 699 1282 807 dignum

126 812 294 918 aggreffi
314 812 428 892 sunt:
458 840 539 919 quo
563 840 642 893 non
664 813 771 919 leges
791 810 946 892 tantum
966 831 1005 890 et
1025 812 1189 917 judicia,
1209 813 1280 892 de-

124 921 219 1004 hinc
248 925 482 1005 mortalibus
510 952 561 1003 ex
590 953 702 1033 aequo
732 922 923 1018 restituta,
958 923 1022 1003 sed
1053 924 1176 1031 ipsam
1195 924 1279 1029 jus-

124 1035 256 1116 titiam
286 1035 559 1128 nobilitarunt,
594 1035 711 1144 ssque
734 1036 816 1145 ipsi
839 1033 1093 1115 illustriorem
1118 1035 1277 1130 dehinc,

124 1144 243 1255 sique
272 1148 356 1258 ipsi
380 1148 570 1254 majorem
597 1148 684 1257 post
710 1146 788 1227 hoc
808 1148 956 1254 insigne
969 1146 1168 1251 judicium
1189 1149 1277 1227 red·

124 1259 272 1342 didere.
332 1261 427 1365 Jam
460 1261 616 1339 tertiam
648 1288 770 1369 prope
796 1257 912 1365 hujus
932 1259 1070 1366 capitis
1090 1260 1276 1367 paginam

124 1371 413 1452 exantlavimus
432 1399 505 1450 nec
526 1391 657 1451 tamen
678 1371 745 1451 illa
764 1372 930 1480 simplex
951 1370 1133 1464 narratio,
1154 1399 1276 1478 quam

124 1484 317 1590 promisit,
353 1485 518 1591 usquam
549 1503 722 1592 apparet.
793 1484 988 1596 Qritur
1017 1509 1087 1562 nos
1118 1484 1273 1577 docere,

124 1597 261 1703 quoties
286 1623 355 1674 rex
373 1595 510 1703 molesti
529 1615 566 1675 et
584 1595 698 1676 odiosa>
716 1614 866 1702 regnat,
897 1595 1041 1703 impunl
1049 1592 1145 1702 posti
1164 1623 1274 1701 regno

124 1707 235 1785 exui:
264 1705 314 1786 ab
341 1708 427 1801 hac,
457 1708 601 1814 inquit,
632 1706 800 1787 delirina
819 1706 975 1799 indubii,
984 1705 1029 1808 st
1043 1706 1140 1786 mille
1165 1707 1274 1786 rebus

124 1819 300 1898 mliorem
333 1848 455 1926 regem
489 1818 692 1928 labuiffent
727 1849 797 1899 non
835 1820 872 1897 ei
904 1818 1025 1898 vitam
1063 1816 1272 1924 construas·

124 1927 210 2010 sent.
272 1932 451 2039 Spet‘iate
470 1928 643 2010 hominis
663 1957 854 2025 acumen3
881 1957 975 2010 nam
994 1929 1093 2007 istuc
1112 1958 1208 2010 aveo
1221 1959 1271 2010 ex

124 2061 156 2120 te
176 2042 291 2136 scire,
311 2071 392 2149 quo
411 2046 526 2152 padio
542 2041 620 2123 hoc
636 2043 823 2150 sequitur,
844 2043 914 2121 nifi
932 2059 971 2121 tu
986 2041 1099 2122 nobis
1113 2042 1271 2122 conces-

124 2152 226 2247 seris,
254 2155 385 2235 nostro
415 2182 509 2261 rege
533 2156 644 2234 mille
673 2155 786 2233 rebus
812 2154 1018 2233 meliorem
1045 2152 1206 2233 moleste
1230 2174 1271 2234 et

124 2261 250 2345 odiose
277 2293 463 2374 regnare;
499 2267 602 2358 unde
623 2269 669 2345 in
698 2294 792 2346 eum
824 2265 1013 2346 deductus
1045 2293 1084 2344 es
1119 2266 1268 2359 locum,

124 2398 161 2457 ut
186 2375 298 2456 hunc
327 2406 449 2484 quem
473 2376 665 2471 defendis,
686 2380 732 2458 iis
762 2377 919 2484 regibus
947 2376 1018 2484 qui
1047 2373 1209 2456 moleste
1230 2397 1269 2457 et

124 2486 254 2570 odiose
275 2509 440 2596 regnant
462 2490 572 2568 mille
592 2490 706 2569 rebus
726 2490 961 2569 deteriorem
981 2487 1122 2581 facias;
1153 2487 1194 2567 id
1214 2489 1270 2568 est

124 2621 374 2709 tyrannorum
394 2602 577 2680 omnium
593 2600 745 2681 fortasse
762 2601 1102 2681 immanissimum.
1139 2600 1268 2679 Masti

124 2713 238 2794 estote
264 2731 480 2820 regestum
509 2712 662 2793 strenuo
688 2712 904 2794 defensore.
964 2714 1088 2793 Nunc
1116 2740 1267 2792 narrare

124 2825 285 2933 incipit:
318 2821 520 2930 ‘Torstrunt
538 2853 617 2904 eum
636 2827 758 2904 varir's
777 2822 961 2903 crucibus.
1003 2825 1084 2903 Dic
1103 2821 1265 2929 quibus:

124 2938 184 3016 De
215 2965 366 3016 carcere
397 2937 435 3016 in
465 2965 649 3017 carcerem
673 2936 940 3016 traduxerunt.
1001 2936 1092 3015 Nec
1112 2934 1266 3040 injurii,

124 3049 270 3157 quippe
292 3075 343 3126 ex
372 3065 537 3155 tyranno
556 3045 709 3127 hostem
729 3049 835 3127 bello
854 3065 1030 3156 captum.
1092 3045 1269 3154 Custodiis

124 3160 211 3268 sap>
236 3159 418 3240 mutatis:
448 3188 498 3239 ne
526 3158 615 3268 ipsae
643 3179 840 3239 mutarent
862 3158 997 3238 fidem.
1057 3156 1269 3237 Libertatis

124 3269 303 3351 irterdum
317 3270 389 3379 spe
415 3270 561 3379 asterisci,
574 3270 758 3351 interdum
783 3288 819 3349 et
839 3269 1074 3378 restitutionis
1086 3286 1158 3376 per
1169 3286 1266 3378 pac·
1378 3328 1380 3332 -

124 3383 262 3464 tinem.
295 3384 400 3462 Vide
411 3381 532 3490 quim
544 3410 622 3462 non
635 3402 746 3463 antea
758 3383 994 3462 meditatum
1007 3380 1119 3460 nobis
1132 3378 1265 3473 fuerit,

124 3492 239 3604 quim
259 3521 338 3574 non
357 3513 521 3603 tempora
538 3512 576 3574 et
594 3494 709 3574 modos
722 3495 791 3575 diu
810 3493 1053 3604 captavimus
1073 3492 1175 3598 regis
1195 3491 1264 3570 ab·

124 3607 288 3686 licandi.
337 3612 459 3718 'Qas
479 3635 538 3686 res
561 3607 610 3685 ab
634 3635 682 3686 eo
702 3625 788 3685 tum
808 3604 1098 3715 propemodum
1117 3603 1263 3681 victore

124 3718 247 3799 multo
283 3717 373 3799 anti
407 3718 703 3828 postulavimus,
727 3746 813 3826 quae
844 3718 915 3796 nifi
941 3714 1262 3807 concederentur,

124 3830 226 3910 sulla
250 3829 422 3924 libertas,
443 3830 550 3910 nulla
578 3828 675 3910 salus
693 3829 842 3938 populo
861 3827 1046 3938 speranda
1064 3845 1161 3919 erat,
1181 3825 1262 3905 eas-

124 3942 209 4023 dem
241 3937 265 4019 ir
293 3943 448 4052 captivo
479 3941 721 4050 suppliciter,
751 3940 855 4020 haud
886 3939 1020 4031 semel,
1042 3936 1125 4017 imo
1146 3954 1264 4016 teret

124 4052 288 4162 implius
298 4055 533 4160 petivimus;
553 4055 666 4133 toties
678 4052 871 4162 repulsam
884 4051 1122 4160 accepimus.
1152 4049 1261 4128 Cum

124 4165 225 4245 sulla
251 4163 299 4243 de
327 4191 418 4272 rege
443 4164 526 4273 spes
545 4165 695 4273 reliqua
715 4163 820 4256 esset,
841 4162 886 4242 fit
906 4160 1147 4242 Parlamenti
1166 4187 1261 4239 con·

124 4276 262 4355 sultum
281 4274 381 4355 illud
400 4275 547 4369 nobile,
568 4304 696 4385 nequa
714 4277 899 4382 deinceps
914 4274 962 4352 ad
978 4301 1113 4382 regem
1127 4271 1262 4380 postu·
1351 4354 1354 4360 ,

124 4389 192 4469 uta
210 4388 486 4482 mitterentur;
508 4416 586 4467 non
606 4417 656 4467 ex
676 4416 757 4495 quo
777 4389 808 4467 is
828 4405 1010 4493 tyrannus
1030 4384 1118 4477 esse,
1132 4381 1195 4462 sed
1212 4410 1262 4460 ex

124 4527 194 4608 {uo
213 4497 436 4580 insanabilis
455 4500 529 4579 esse
544 4501 676 4609 coepit.
735 4499 873 4579 Postea
887 4515 1018 4577 tamen
1034 4495 1196 4604 quidam
1213 4519 1263 4572 ex

124 4614 352 4692 ienatorum
379 4638 545 4691 numero
572 4640 672 4691 nova
701 4611 771 4691 fibi
798 4608 956 4690 consuia
983 4613 1195 4716 capientes,
1224 4623 1264 4681 et

124 4724 306 4805 doneum
335 4740 492 4834 tempus
521 4725 638 4818 nasti,
659 4723 902 4805 conditiones
932 4723 1075 4800 iterum
1101 4716 1186 4823 regi
1205 4711 1263 4792 fe-
