2888 5204
86 245 92 254 -
144 192 221 306 386
382 176 608 277 Authoris
632 212 719 311 pro
744 174 787 274 se
814 171 1038 275 Defensio

140 360 243 443 sada
268 358 390 469 quim
412 356 546 440 odiose
570 357 835 447 calumnieris.
895 352 1081 437 Primum
1105 384 1178 436 cur
1197 356 1282 437 Cla·

140 474 238 555 mari
261 473 405 553 autoris
430 469 600 580 anonymi
623 466 863 578 responderim
892 469 1043 576 quaeris,
1072 485 1111 548 et
1138 497 1208 551 nan
1232 486 1283 549 tat

141 586 228 666 altis
245 586 313 695 qai
326 613 450 665 nomen
468 581 792 686 edmeruntstnm.
853 581 958 694 Qis
974 579 1193 661 adversario
1207 599 1282 661 tam

142 698 269 778 aliena
287 715 328 776 et
346 698 480 805 inepta
497 694 753 800 interroganti
772 695 965 774 rationem
983 692 1190 773 redderet?
1214 719 1283 800 ego

143 829 277 888 tamen
306 829 351 888 ut
377 805 499 915 quim
531 806 800 914 aequanimiter
832 825 966 886 tecum
996 831 1114 912 agam
1145 804 1282 896 videas,

141 921 318 1003 reddam.
363 922 448 999 Cur
463 919 661 999 Clamoris
679 913 836 998 authori
855 916 1138 1027 responderim,
1150 916 1281 1023 rogas?

142 1033 235 1141 quia
247 1033 386 1139 juffus,
404 1033 581 1140 inquam,
593 1028 752 1138 publice
763 1027 813 1109 ab
827 1031 874 1110 iis
889 1057 1060 1137 quorum
1076 1026 1283 1109 authoritas

142 1144 248 1253 apud
267 1173 332 1224 me
351 1146 479 1252 gravis
497 1143 571 1224 effe
591 1141 729 1222 debuit
740 1172 751 1236 ς
782 1142 850 1220 vix
867 1142 1017 1249 alioqui
1036 1168 1205 1220 manum
1220 1139 1281 1221 ad·

142 1276 335 1337 moturus.
385 1254 542 1335 Deinde
553 1253 647 1363 quia
661 1254 897 1334 nominatim
915 1252 1045 1333 lasus:
1075 1280 1171 1333 nam
1189 1271 1230 1333 et
1246 1271 1282 1333 tu

143 1367 224 1463 hic,
244 1370 425 1475 quamvis
448 1368 490 1447 id
516 1365 683 1446 minime
705 1365 801 1446 velis
823 1384 868 1446 ut
894 1364 1196 1446 existimationis
1218 1362 1282 1445 ali·

142 1507 266 1588 quam
284 1508 381 1560 meae
399 1507 557 1588 quoque
577 1480 770 1558 rationem
792 1477 950 1571 ducam,
970 1478 1130 1559 veniam
1148 1476 1212 1557 vel
1228 1477 1282 1555 in·

142 1593 246 1671 vitus
256 1590 381 1685 dabis,
396 1619 519 1698 quam
533 1618 670 1670 omnes
685 1589 780 1670 bon-i
794 1589 903 1684 dant,
918 1587 1011 1681 scio,
1026 1585 1282 1669 libentissime.

66 1780 74 1796 ,
143 1704 202 1782 At
219 1729 289 1781 cur
307 1731 377 1783 non
393 1702 494 1796 aliis,
517 1703 662 1809 inquis,
688 1700 941 1811 respondisti?
973 1701 1153 1795 Clamant
1170 1718 1208 1781 et
1221 1699 1283 1791 illi,
1303 1796 1306 1801 Ι

143 1843 209 1894 nec
226 1814 345 1894 minus
358 1814 554 1923 sortiter:
587 1813 713 1895 rursus
732 1812 960 1922 respondeo,
985 1832 1030 1894 ut
1045 1814 1170 1925 prius,
1199 1812 1286 1919 quia

144 1927 193 2005 ad
209 1927 377 2007 rationes
396 1926 572 2036 publicas
592 1953 672 2005 non
694 1945 868 2020 vocatus,
893 1952 972 2004 non
990 1925 1149 2007 accedo.
1207 1925 1283 2005 De·

144 2040 250 2131 inde,
270 2041 364 2146 quia
394 2066 473 2119 non
499 2038 626 2131 laesus;
660 2057 819 2117 namet
847 2035 940 2133 hoc,
970 2039 1154 2143 quamvis
1183 2056 1226 2119 tu
1249 2034 1284 2115 id

145 2150 321 2231 maxime
342 2150 459 2231 velles
490 2169 535 2231 ut
560 2149 724 2259 impune
747 2148 819 2229 tibi
838 2176 1067 2258 quenquam
1084 2148 1223 2231 ladere
1239 2147 1283 2229 li·

144 2283 263 2356 ceret,
285 2291 364 2342 non
383 2263 440 2342 est
456 2262 557 2342 leve.
616 2262 774 2342 Deinde
792 2263 887 2368 quia
904 2290 955 2341 ex
974 2261 1099 2341 vestro
1119 2259 1284 2371 ipsorum
1324 2280 1326 2315 ἒ

138 2375 290 2480 judicio
303 2394 458 2454 tantum
471 2375 657 2454 Salinafio
670 2373 1023 2483 tribuimus(quem
1031 2371 1284 2455 Defensorem

146 2487 336 2593 Regium,
351 2489 457 2593 quasi
478 2487 578 2567 solus
599 2487 630 2566 is
649 2485 743 2564 esset
761 2505 800 2564 et
819 2485 936 2565 instar
947 2486 1148 2579 omnium,
1162 2485 1283 2567 nomi·

144 2625 235 2676 nare
255 2596 399 2704 soletis)
418 2617 461 2677 ut
479 2599 565 2706 post
584 2598 700 2678 illum
715 2597 820 2707 posse
840 2624 1067 2705 quenquam
1086 2597 1213 2679 alium
1228 2597 1283 2677 di·

143 2737 230 2788 cere
258 2710 365 2816 quod
393 2710 588 2789 momenti
613 2710 705 2790 esset
731 2737 810 2788 non
836 2709 1164 2791 existimaremus.
1222 2709 1283 2785 Vis

144 2821 285 2929 plura?
315 2823 408 2930 quia
438 2822 609 2901 liberum
634 2842 737 2916 erat;
768 2823 861 2929 quia
884 2849 963 2901 non
986 2821 1170 2916 vacabat3
1201 2821 1284 2928 quia

145 2933 314 3041 denique
335 2932 458 3013 homo
483 2932 583 3026 sum,
614 2932 786 3014 humana
811 2932 913 3013 mihi
940 2933 1058 3013 latera
1084 2932 1189 3027 sunt,
1217 2956 1285 3011 non

146 3043 285 3138 ferrea,
310 3065 351 3124 tu
374 3045 466 3124 licet
484 3045 712 3123 Alexander
736 3048 887 3126 aerarius
916 3045 976 3125 fis.
1034 3045 1161 3125 Aliud
1179 3043 1285 3153 quid·
1324 3062 1326 3101 ¹

146 3157 237 3236 dam
256 3186 354 3266 opus
374 3157 444 3251 est,
473 3176 519 3235 ut
541 3154 643 3235 mihi
666 3157 835 3249 videtur,
862 3186 943 3264 quo
970 3176 1027 3236 tot
1055 3155 1284 3267 importunis

148 3268 438 3349 Clamatoribus
460 3297 526 3348 ora
546 3265 688 3348 meliirs
708 3267 952 3348 obturentur.
1012 3265 1151 3379 Qdm
1171 3267 1285 3349 multa

147 3399 236 3461 tuus
257 3381 323 3459 ille
340 3384 497 3461 Stentor
516 3408 732 3488 anonymus
744 3379 984 3473 clamitabat,
1001 3408 1087 3487 quae
1105 3378 1129 3459 d
1145 3381 1285 3462 Salma-

146 3491 200 3572 sro
218 3493 384 3572 clamata
411 3490 519 3599 prius
548 3512 587 3571 et
615 3493 856 3572 conclamata
880 3493 1015 3572 erant?
1045 3491 1193 3600 quibua
1219 3517 1284 3595 ego

146 3605 259 3683 toties
276 3603 464 3710 repetitis,
484 3606 664 3712 quamvis
683 3601 778 3682 ciun
797 3603 950 3684 miserid
969 3631 1013 3683 ac
1029 3603 1144 3684 taedio
1159 3600 1284 3712 sapide

147 3713 437 3822 respondissem,
464 3735 594 3794 tamen
614 3717 708 3822 quia
726 3743 820 3794 cum
839 3717 913 3797 isto
931 3712 1189 3797 vociferatore
1207 3740 1284 3795 ver-

145 3825 238 3905 boso
265 3846 411 3907 certare
432 3827 579 3935 ubique
606 3855 685 3906 non
712 3827 844 3921 libuit,
871 3829 1023 3935 languet
1048 3828 1123 3908 tibi
1148 3826 1284 3909 scilicet

144 3938 261 4018 oratio
277 3968 370 4032 mea,
389 3941 526 4049 quaties
542 3958 615 4047 pra
627 3939 762 4047 populo
780 3938 885 4019 dica:
917 3938 1004 4031 tibi,
1032 3939 1213 4046 inquam,
1227 3935 1284 4018 rui

148 4051 402 4131 Gallicanae
414 4049 606 4157 frigidas
623 4051 685 4158 est,
711 4079 790 4130 non
810 4051 886 4131 esse
906 4050 1171 4158 tautologum.
1228 4050 1283 4131 De

144 4191 209 4243 me
229 4159 489 4242 fiaccuratiiu
509 4164 608 4257 dixi,
629 4189 707 4240 non
728 4161 776 4242 ed
791 4163 833 4243 id
853 4162 944 4256 feci,
963 4189 1045 4270 quo
1064 4189 1143 4270 ego
1164 4157 1283 4243 minos

143 4276 295 4384 populo
307 4270 428 4381 quim
444 4271 546 4353 mihi
564 4274 774 4368 studerem,
789 4273 852 4354 sed
865 4294 1072 4383 propterea
1083 4272 1193 4383 quod
1208 4294 1285 4356 tuus

145 4388 309 4466 Clamor
340 4404 427 4464 tum
458 4386 621 4493 quidem
652 4413 801 4466 novum
830 4387 981 4495 aliquid
1009 4386 1285 4496 suppeditabat,
