2888 5204
309 430 316 440 e

305 614 308 620 ·
356 559 596 663 Defensio.
634 562 753 698 Cap.
786 597 830 690 5.
896 566 899 571 ’
1119 578 1178 688 97,

120 738 201 822 erte
215 738 290 821 suae
308 739 469 823 familiae
482 767 652 849 regnum
670 759 857 835 meretur,
870 767 991 850 quam
1010 769 1173 826 omnem

121 854 318 956 coeravit,
336 853 400 933 vel
426 854 519 933 alit:
550 854 593 931 in
618 880 709 961 rege
730 849 831 932 nihil
851 854 907 933 est
931 852 1170 960 hujufinodi,

121 964 625 1047 ›hnecontmsuntomnia
683 965 887 1046 Animalia
899 966 1041 1048 deinde
1057 969 1171 1050 nobis

121 1078 208 1172 alia,
232 1079 431 1189 imprimis
456 1106 561 1171 aves,
590 1077 694 1156 etin
722 1078 769 1157 iis
791 1095 892 1187 apes,
914 1079 1106 1187 fiquidem
1132 1102 1170 1163 te

121 1189 256 1297 iologo
269 1217 359 1271 aves
374 1190 452 1270 istae
466 1188 567 1284 sunt,
582 1188 790 1269 imitandas
804 1193 1007 1300 proponis.
1064 1197 1170 1302 Apes

121 1299 300 1383 itabens.
349 1302 594 1382 Tridentinae
605 1300 766 1395 scilicet,
779 1329 908 1381 annon
924 1305 1168 1386 meministi?

122 1441 244 1494 urum
272 1435 310 1494 te
337 1413 431 1494 teste
450 1411 593 1524 respub.
614 1410 887 1522 est.Veri1m
908 1435 951 1495 tu
971 1415 1100 1497 define
1118 1418 1169 1499 de

122 1554 159 1606 ss
174 1524 330 1619 fatuari,
348 1524 556 1606 Musarum
572 1525 672 1620 sunt,
687 1525 853 1607 oderunt
869 1544 907 1605 te
923 1526 1167 1626 scarabaeum,

130 1640 263 1720 vides:
285 1640 538 1746 redarguunt.
582 1636 880 1746 Caturnicessub
894 1642 1169 1749 ortygometra.

135 1751 372 1832 onocrotalis
391 1752 468 1830 tuis
487 1749 603 1829 tende
624 1749 805 1857 laqueos;
837 1778 907 1830 nos
928 1772 1010 1831 tarn
1030 1752 1170 1836 stolido

123 1865 188 1973 pio
202 1891 280 1942 non
296 1864 490 1971 capimur.
549 1864 675 1968 Atqui
681 1862 767 1967 jam
782 1880 848 1941 tua
859 1889 919 1942 res
931 1865 1075 1971 agitur,
1088 1892 1168 1946 non

123 2003 161 2071 a,
186 1975 321 2055 Gallus
341 1974 584 2082 gallinaceus,
605 1974 750 2081 inquis,
778 1991 857 2054 tam
874 1974 1040 2056 maribus
1057 1975 1169 2087 quam

123 2087 178 2168 nai
194 2085 396 2198 imperitat.
429 2086 515 2198 Qi
530 2085 658 2194 potest
670 2082 746 2165 hoc
763 2084 874 2166 fieri?
905 2088 1014 2168 Cum
1028 2108 1072 2170 tu
1087 2091 1168 2201 ipse

123 2227 178 2293 us,
193 2218 248 2294 et,
260 2218 305 2279 ut
317 2197 463 2293 ferunt,
474 2198 538 2277 vel
549 2198 721 2277 nimium
733 2198 985 2306 gallinaceus,
1002 2227 1081 2281 non
1095 2222 1170 2283 tuae

123 2338 188 2404 aas,
204 2311 269 2392 scd
284 2312 352 2391 illa
370 2309 444 2391 tibi
464 2309 522 2388 im
550 2311 680 2403 eritet,
695 2328 734 2390 et
753 2312 849 2390 inte
867 2338 1035 2419 regnum
1053 2340 1169 2394 exer·

124 2453 130 2504 :
161 2422 189 2503 fi
201 2423 438 2531 gallinaceus
449 2337 549 2529 ergd
558 2420 734 2531 plurium
746 2419 1001 2502 foeminarum
1012 2451 1082 2504 rex
1096 2425 1167 2521 est,

124 2535 238 2616 sllinae
260 2535 506 2643 mancipium
533 2553 620 2628 tuae,
641 2561 718 2615 non
744 2535 1007 2642 gallinaceum
1027 2554 1081 2630 te,
1104 2537 1168 2617 sed

124 2649 292 2729 orarium
310 2646 509 2756 quendam
528 2645 603 2727 effe
623 2646 789 2726 Gallum
804 2667 973 2757 oportet.
1020 2649 1098 2728 Pro
1118 2652 1169 2730 li·
1292 2669 1295 2675 ’

124 2758 222 2841 τοῑτὲ
248 2788 367 2841 nemo
386 2779 424 2840 te
444 2757 592 2864 majora
617 2758 699 2838 edit
719 2758 973 2868 sterquilinia,
993 2778 1033 2841 et
1051 2762 1169 2868 galli·

140 2891 211 2954 tuo
223 2873 412 2953 stercoreo
424 2898 562 2951 omnes
575 2870 759 2951 obtundis
772 2901 783 2964 3
805 2870 882 2952 hoc
897 2872 1061 2953 unicum
1073 2874 1169 2982 guli

125 2986 226 3065 nacci
237 2982 371 3065 habes.
430 2986 523 3089 Jarn
538 3011 614 3092 ego
626 2983 750 3061 multa
768 2980 906 3064 hordei
923 3012 1042 3092 grana
1052 2985 1169 3066 datu·

127 3124 193 3176 me
208 3097 283 3177 tibi
301 3099 506 3207 promitto,
522 3094 549 3174 fi
566 3113 695 3176 totum
714 3091 791 3175 hoc
803 3096 989 3177 vertendo
1006 3098 1169 3206 sterqui-

125 3236 164 3288 m
189 3228 321 3303 tuum,
339 3208 402 3288 vel
431 3235 552 3288 unam
578 3205 681 3286 mihi
712 3234 914 3315 gemmam
940 3209 1167 3291 ostenderis.

125 3321 217 3430 quid
239 3347 316 3429 ego
340 3320 413 3400 tibi
438 3318 661 3400 hordeum?
690 3318 760 3426 qui
787 3348 866 3402 non
892 3319 1101 3416 hordeum,
1122 3342 1168 3403 ut

126 3434 225 3542 sicus
240 3434 324 3528 ille,
344 3432 509 3542 fimplex
524 3450 565 3511 et
584 3430 692 3539 frugi
711 3430 851 3537 gallus,
868 3432 931 3513 sed
947 3461 1103 3528 aurum,
1123 3453 1169 3514 ut

126 3545 225 3625 tinus
240 3545 308 3624 ille
323 3571 509 3651 nequam,
526 3543 812 3653 scalpturiendo
825 3544 1003 3653 quaefisti3
1024 3573 1167 3654 quarn·

126 3657 206 3737 ritu
229 3654 358 3737 adhuc
376 3655 544 3766 dispari;
580 3674 624 3736 tu
650 3654 759 3734 enim
785 3675 946 3737 centum
965 3655 1167 3760 Jacobaeos

126 3795 155 3849 ss
170 3769 262 3849 inde
275 3768 466 3877 reperisti,
479 3795 573 3848 cum
589 3767 793 3847 Euclionis
809 3764 909 3847 fuste
925 3769 1070 3877 potius,
1085 3794 1167 3876 quo

127 3878 192 3961 lus
211 3881 280 3961 ille
300 3880 518 3974 Plautinus,
544 3878 767 3958 obtruncari
791 3879 950 3987 dignior
973 3879 1033 3960 lis.
1091 3879 1168 3961 Sed

127 3991 266 4073 endum
281 3991 350 4073 est.
409 3991 549 4072 Eadem
567 3989 747 4071 utilitatis
763 4008 801 4070 et
815 3990 1075 4073 incolumitati}
1092 4021 1168 4073 om·

136 4105 237 4186 ratio
254 4103 443 4185 naturalis
461 4104 637 4214 postulat,
668 4120 711 4182 ut
736 4102 804 4212 qui
812 4101 933 4206 stmel
952 4103 1008 4184 ad
1024 4102 1166 4211 guber-

127 4246 180 4297 asn
197 4216 413 4326 cartslitutus
430 4216 492 4324 ςβ,
512 4212 759 4323 conservetur.
799 4216 903 4344 Qis
923 4235 1053 4324 negat,
1066 4245 1166 4325 qua-

127 4357 134 4407 s
166 4328 248 4436 ejus
280 4327 519 4408 conservatio
553 4354 647 4407 curn
681 4327 951 4408 incolumrtate
982 4330 1165 4409 omnium

127 4439 216 4521 stit?
246 4441 296 4520 ad
326 4441 544 4550 perniciem
574 4457 708 4519 autem
737 4440 921 4520 omnium
950 4439 1167 4522 conservari

128 4580 162 4647 u,
174 4553 264 4661 quis
278 4579 357 4632 non
369 4553 476 4633 videt
487 4552 762 4632 alieniffimum
778 4549 948 4632 dnatura
960 4552 1061 4632 effe?
1108 4554 1168 4632 At

128 4693 156 4745 n
178 4666 291 4745 attam
313 4693 434 4773 regem
457 4662 683 4772 conservari,
709 4662 777 4743 iml
797 4663 979 4773 pffuram
1002 4663 1172 4744 omnino·

128 4804 154 4858 a
175 4775 273 4888 qaod
298 4805 369 4858 nan
395 4795 542 4861 tantum
564 4775 658 4856 mali
683 4774 840 4857 civitati
858 4793 1044 4887 procurat
1071 4775 1171 4858 mall

610 4914 637 4966 n
