2888 5204
471 564 697 666 Defensro
722 568 949 668 Secunda.
1202 615 1248 696 31
1260 617 1281 697 5

128 763 354 837 narrarunt,
381 745 453 824 nili
478 746 679 826 voluntate
707 766 824 854 atque
849 764 985 824 natura
1011 747 1135 851 magis
1162 744 1283 854 quim

124 855 293 934 confilio
307 857 530 952 mendaces,
547 858 682 951 essent,
695 856 772 938 hoc
785 857 920 938 saltem
938 858 1045 967 quod
1058 857 1107 937 ab
1121 860 1283 966 ingenio

126 964 215 1070 ejus
233 967 512 1050 alienissrmum
525 971 596 1064 est,
613 997 691 1050 non
707 969 953 1050 affinxiffent.
1015 969 1191 1077 Regibus
1211 1000 1282 1051 au-

127 1096 230 1172 tem,
254 1107 353 1187 quos
378 1102 422 1162 ut
445 1082 515 1162 fibi
538 1101 700 1163 caveant
722 1080 949 1190 frequenter
974 1109 1124 1177 mones,
1149 1082 1283 1164 licebit

128 1217 228 1269 cum
249 1192 361 1273 saluti
382 1195 653 1304 prospexerint
672 1193 759 1288 suae,
779 1195 908 1303 spreto
928 1214 965 1273 te
987 1197 1180 1275 monitore
1201 1216 1282 1276 tam

127 1303 335 1411 imperim,
352 1333 430 1386 non
449 1306 715 1388 sermunculos
731 1334 781 1386 ex
798 1307 912 1385 trivio
930 1307 1114 1414 arripere,
1135 1307 1199 1387 sed
1220 1336 1281 1388 ra-

129 1416 260 1494 tiones
278 1416 315 1495 se
331 1418 468 1526 dignas
482 1421 597 1513 inire,
613 1419 757 1526 quibus
772 1417 868 1525 quid
889 1416 954 1497 sua
967 1419 1114 1499 interfit
1128 1418 1282 1501 facilius

126 1526 414 1637 perspexerint.
472 1531 658 1611 Alterum
689 1530 744 1609 est
774 1530 925 1610 crimen
956 1530 1172 1639 persuasrffe
1195 1535 1280 1640 regi

130 1639 426 1736 Cromvellum,
452 1663 496 1724 ut
515 1645 552 1724 in
569 1643 723 1749 irfirlam
745 1644 785 1721 V
779 1643 883 1723 eslim
902 1642 1110 1723 clanculum
1124 1642 1172 1750 st
1185 1643 1281 1749 steb-

125 1749 294 1831 duceret.
356 1754 518 1835 Constat
538 1784 673 1863 regem
695 1756 885 1835 Carolum
905 1781 990 1833 rem
1009 1754 1118 1834 suam
1142 1757 1279 1838 multis

127 1859 226 1943 alias
240 1865 369 1959 rebus,
380 1886 439 1947 ter
450 1865 545 1975 fugi
561 1865 787 1978 perdidiffe3
807 1863 985 1976 primitm
997 1894 1088 1946 cum
1096 1868 1278 1949 Londino

127 1975 359 2057 Eboracum
373 1978 492 2087 sugit,
506 1981 647 2059 deinde
663 2007 758 2059 cum
769 1979 817 2058 ad
831 1982 966 2058 Scotos
978 1979 1172 2085 inAnglia
1183 2007 1279 2061 con·

127 2087 331 2184 ductitios,
362 2091 560 2199 postremo
586 2119 682 2173 cum
715 2091 763 2170 ad
795 2091 962 2170 insulam
991 2092 1164 2171 Vectim.
1224 2096 1280 2175 At

126 2195 247 2305 hujus
274 2203 477 2310 postremae
500 2202 625 2283 suasor
650 2221 732 2282 erat
758 2204 1020 2283 Cromvellus.
1083 2206 1275 2313 Optime3

126 2309 194 2391 sed
215 2332 346 2393 tamen
363 2343 438 2423 ego
458 2317 586 2423 regios
601 2316 689 2395 illos
705 2311 881 2424 primum
902 2318 1039 2408 miror,
1058 2318 1129 2423 qui
1151 2318 1277 2397 Caro-

125 2421 217 2503 lum
236 2427 350 2506 toties
367 2429 561 2508 affirmare
586 2455 665 2506 non
685 2428 865 2506 dubitant
891 2424 1002 2506 fuisse
1026 2428 1276 2535 prudentiffi-

125 2562 261 2631 mum,
276 2540 497 2620 eteundem
514 2540 629 2619 fimul
648 2541 715 2618 vix
733 2566 908 2647 unquam
920 2537 994 2618 suae
1013 2539 1180 2648 spontis;
1201 2542 1277 2623 five

125 2647 236 2757 apud
255 2653 404 2732 amicos
425 2653 500 2731 five
520 2652 719 2744 inimicos,
745 2653 785 2730 in
809 2653 897 2730 aula
916 2651 979 2729 vel
1000 2652 1039 2728 in
1064 2650 1211 2745 castris,
1237 2656 1279 2734 in

126 2760 258 2841 aliena
277 2761 358 2842 ferd
379 2764 566 2873 potestate
579 2764 732 2873 semper
748 2761 876 2856 fuisse,
894 2790 998 2842 nunc
1010 2765 1160 2858 uxoris,
1173 2793 1278 2847 nunc

127 2872 435 2983 Episcoporum,
465 2903 571 2955 nunc
600 2894 922 2986 purpuratorum,
953 2903 1057 2954 nunc
1083 2877 1274 2974 militum,

124 2984 299 3094 denique
315 2986 505 3082 hostium,
527 2987 655 3097 pejora
676 2988 910 3097 plerumque
936 2988 1110 3082 consilio,
1139 3009 1179 3069 et
1203 3019 1274 3099 pe-

124 3097 257 3204 jorum
277 3097 403 3180 ferme
419 3099 642 3208 sequutum.
694 3100 837 3179 Carolo
853 3098 1115 3208 persuadetur,
1130 3104 1276 3182 Carolo

126 3210 363 3320 imponitur,
396 3213 541 3292 Carolo
572 3213 766 3304 illuditur,
799 3232 928 3291 metus
960 3213 1163 3308 incutitur,
1192 3213 1276 3324 spes

125 3349 227 3402 vana
237 3324 468 3418 ostenditur,
484 3325 593 3403 velut
605 3324 731 3434 praeda
746 3325 929 3403 omnium
944 3326 1183 3420 communis,
1195 3345 1276 3407 tam

124 3435 349 3515 amicorum
369 3433 490 3544 quim
514 3436 702 3529 hostium,
728 3436 857 3544 agitur
881 3454 921 3514 et
948 3434 1073 3515 fertur
1094 3438 1274 3518 Carolus.

124 3547 213 3627 Aut
228 3545 310 3628 haec
325 3547 347 3628 ὲ
368 3549 519 3658 scriptis
534 3548 609 3628 suis
628 3549 779 3641 tollant,
793 3567 860 3627 aut
878 3547 1127 3654 sagacitatem
1142 3551 1277 3630 Caroli

124 3659 334 3768 praedicare
354 3661 545 3741 desrstant.
589 3663 731 3741 Fateor
742 3661 899 3753 deinde,
911 3663 1090 3769 quamvis
1102 3660 1275 3768 pruden-

127 3771 183 3851 tit
209 3790 327 3880 atque
351 3773 511 3853 confilio
540 3774 715 3882 praestare
741 3773 926 3883 pulcrum
958 3771 1017 3866 stt,
1049 3792 1179 3852 tamen
1205 3775 1275 3854 ubi

126 3882 319 3993 Respubl.
336 3883 570 3965 fastionibus
591 3886 753 3986 laborat,
778 3885 854 3964 suis
878 3886 1141 3965 incommodis
1168 3883 1274 3966 haud

124 4023 272 4090 carere,
303 4015 344 4077 et
373 3996 698 4077 consultiffimum
732 4024 933 4105 quemque
965 3996 1013 4075 ed
1044 3998 1169 4105 magis
1203 3998 1276 4079 ob-

124 4109 295 4187 noxium
310 4109 516 4189 calumniis
537 4109 735 4217 utriusque
752 4111 870 4218 partis
890 4109 1074 4189 reddere:
1105 4108 1183 4189 hoc
1209 4111 1273 4191 sae-

124 4248 174 4330 pe
192 4220 425 4301 Cromvello
444 4220 597 4316 obfuit;
620 4219 713 4300 hinc
735 4219 1016 4326 Presbyteriani
1035 4222 1127 4301 inde
1146 4220 1274 4305 hostes

124 4332 316 4440 quicquid
335 4334 376 4412 in
397 4333 433 4412 se
454 4335 588 4414 durius
612 4333 697 4413 fieri
716 4352 870 4442 putant,
900 4361 978 4411 non
1004 4335 1043 4413 id
1067 4337 1273 4415 communi

124 4446 289 4524 Senatus
312 4446 487 4540 confilio,
511 4445 575 4525 sed
604 4446 833 4524 Cromvello
862 4444 932 4524 soli
956 4446 1168 4554 imputant,
1193 4448 1272 4526 im-

124 4584 193 4637 mo
223 4557 348 4665 siquid
378 4587 448 4667 per
477 4558 784 4667 imprudentiam
815 4558 884 4665 ipsr
913 4556 1016 4636 male
1045 4575 1200 4664 gerunt,
1230 4561 1272 4640 id

124 4669 224 4750 dolis
253 4688 293 4748 et
322 4669 523 4749 fraudibus
544 4670 763 4749 Cromvelli
793 4669 978 4777 affignare
1008 4696 1086 4746 non
1115 4670 1271 4750 erubes-

124 4800 233 4875 cunt,
260 4781 377 4892 culpa
397 4783 526 4863 omnis
547 4784 586 4860 in
608 4810 700 4861 eum
721 4782 931 4873 derivatur,
963 4782 1091 4860 omnis
1117 4781 1156 4859 in
1178 4811 1270 4862 eum
