2888 5204
485 562 724 666 Defensm.
763 571 882 701 Cap.
911 605 958 696 9.
1221 611 1234 663 1
1245 611 1267 693 ς
1274 610 1296 693 5

145 742 207 821 tiri
226 743 410 825 debebat.
460 746 528 824 Tu
547 746 645 824 dum
664 745 868 824 contendis
886 745 1052 824 aliarum
1065 745 1185 824 etiam
1202 774 1300 854 gen-

144 856 248 933 tium
269 885 380 965 reges
400 858 441 936 iu
461 858 648 966 potestate
668 858 731 935 vel
755 857 934 965 Synedrii
953 858 1017 935 vel
1041 859 1217 952 SenatuS,
1239 859 1302 939 vel

145 967 323 1048 Concilii
342 969 399 1049 sui
411 968 520 1077 aeque
536 967 663 1062 fuisse,
678 996 755 1048 non
773 997 842 1048 nos
858 971 899 1048 in
915 969 1141 1048 servitutem
1157 969 1299 1066 asseris,

144 1076 208 1156 sed
225 1108 290 1160 eas
306 1083 347 1160 in
363 1081 585 1161 libertatem
600 1112 610 1159 ι
633 1082 672 1159 in
686 1109 766 1188 quo
781 1081 890 1160 idem
904 1078 1031 1160 facere
1049 1083 1179 1189 pergis
1192 1084 1299 1189 quod

143 1187 191 1269 ab
225 1194 342 1273 initio
378 1191 518 1286 fecisti,
550 1195 735 1302 quodque
776 1190 927 1272 faciunt
964 1196 1300 1300 pragmaticorum

144 1301 373 1399 stultiffimi,
406 1325 451 1386 ut
481 1305 629 1385 incauti
657 1304 796 1413 seipsos
828 1307 868 1382 in
899 1304 968 1383 lite
1001 1302 1135 1414 saepiits
1166 1327 1301 1387 contra

144 1417 320 1497 veniant.
377 1418 436 1497 At
463 1445 534 1496 nos
562 1415 709 1497 scilicet
738 1414 908 1496 fatemur
936 1444 1072 1523 regem,
1098 1415 1301 1527 ubicunque

141 1524 255 1629 abstt,
270 1528 309 1609 in
324 1529 565 1610 Parlamento
578 1547 699 1608 tamen
712 1527 852 1634 censeri
852 1528 1070 1636 praestntem
1085 1529 1132 1608 vi
1139 1531 1300 1638 potesta·

141 1638 218 1719 tis:
248 1639 336 1747 ergl
353 1640 586 1750 quodcunque
611 1640 687 1719 illic
705 1640 839 1747 agitur
857 1639 882 1719 ὰ
906 1668 992 1747 rege
1010 1639 1082 1749 ipso
1100 1644 1225 1721 arrum
1244 1642 1301 1723 in-

142 1751 279 1859 telligi.
338 1753 450 1831 Tum
469 1752 575 1860 quasr
595 1751 733 1831 bolum
760 1751 935 1860 aliquem
958 1756 1093 1831 nactus
1116 1752 1209 1831 esses
1233 1773 1301 1834 aut

143 1862 430 1958 mercedulam,
450 1865 610 1946 illorum
631 1864 898 1943 recordatione
920 1862 1179 1943 Caroleorum
1199 1864 1299 1944 deli-

143 1975 268 2070 nitus,
279 1976 492 2086 accipimus,
507 1977 650 2084 inquis,
664 1974 761 2085 quod
767 1975 859 2055 dant
873 2007 886 2053 .·
917 1976 1051 2084 accipe
1068 1977 1203 2084 igitur,
1219 2006 1300 2086 quo

142 2086 290 2196 dignus
309 2116 364 2183 es,
384 2114 577 2195 magnum
596 2091 771 2182 malum;
803 2115 881 2165 non
901 2088 1009 2165 enim
1024 2091 1177 2182 damus,
1190 2091 1298 2197 quod

144 2197 337 2309 sperabas,
364 2201 454 2280 inde
480 2199 588 2309 sequi
615 2199 759 2280 curiam
781 2199 884 2278 illam
903 2228 972 2279 non
997 2200 1075 2279 alia
1092 2200 1216 2311 potiri
1229 2220 1299 2310 po·

142 2312 276 2421 testate
289 2309 399 2421 quum
412 2311 438 2392 ἃ
452 2340 539 2419 rege
553 2311 734 2418 delegata.
785 2311 945 2389 Sienim
959 2312 1117 2404 dicitur,
1130 2314 1299 2420 potestas

145 2426 266 2531 regis,
294 2452 535 2532 quaecunque
568 2452 613 2502 ea
641 2423 699 2516 fit,
731 2420 753 2500 ὲ
789 2421 1037 2502 Parlamento
1065 2423 1189 2502 abeffe
1220 2452 1299 2504 non

145 2536 289 2646 potest,
315 2564 364 2615 an
389 2536 569 2644 suprema
594 2532 784 2615 continub
809 2535 980 2614 dicitur?
1010 2562 1140 2614 annon
1166 2533 1299 2643 potius

146 2646 349 2729 transferri
387 2649 427 2726 in
467 2647 761 2727 Parlamentum
794 2645 960 2754 potestas
992 2647 1098 2753 regia
1128 2647 1297 2741 videtur,

145 2779 270 2869 utque
291 2760 422 2840 minor
441 2760 588 2864 majore
603 2759 822 2838 contineri?
854 2756 984 2837 sanesr
1005 2759 1299 2840 Parlamentum

144 2872 289 2983 potest,
310 2872 466 2953 nolente
486 2890 527 2951 et
552 2872 677 2951 invito
703 2896 810 2976 rege,
830 2873 913 2949 ac'ta
933 2870 1015 2975 ejus
1035 2888 1074 2949 et
1093 2873 1300 2980 privilegia

144 2983 348 3093 quibusvis
360 2985 449 3064 data
456 3012 635 3065 revocare
647 3001 764 3091 atque
781 2981 1010 3076 rescindere,
1024 2984 1051 3062 fi
1064 2983 1181 3091 ipfius
1198 2985 1300 3092 regis

146 3098 434 3207 praerogativas,
460 3114 577 3204 prout
600 3096 770 3187 videtur,
796 3093 1128 3189 circumscribere,
1155 3096 1182 3175 fi
1205 3126 1300 3205 pro·

144 3227 286 3289 ventus
306 3207 388 3313 ejus
412 3234 560 3287 annuos
577 3227 617 3286 et
643 3204 835 3315 impensas
863 3207 972 3299 aulae,
1003 3205 1030 3284 fi
1055 3204 1300 3288 famulitium

144 3320 293 3429 ipsum,
313 3321 342 3399 fi
367 3338 491 3399 totam
513 3319 684 3427 denique
708 3347 793 3397 rem
812 3317 1068 3397 domesticam
1089 3320 1190 3426 regis
1216 3348 1302 3400 mo-

146 3431 338 3526 derari,fi
363 3431 425 3511 vel
451 3431 611 3511 intimos
639 3430 721 3535 ejus
748 3429 985 3509 confiliarios
1010 3448 1126 3538 atque
1152 3433 1299 3511 amicos

147 3571 346 3637 amovere,
375 3543 439 3623 vel
465 3544 586 3623 etiam
615 3541 637 3622 ὲ
668 3542 751 3622 srnu
781 3540 958 3650 abripere
986 3541 1034 3621 ad
1060 3542 1300 3650 supplicium

145 3655 290 3765 potest,
303 3657 467 3736 ficuivis
482 3655 654 3763 denique
667 3654 716 3733 de
733 3652 849 3762 plebe
865 3651 888 3733 a
903 3681 995 3761 rege
1007 3653 1056 3732 ad
1073 3653 1300 3733 Parlamen-

147 3787 240 3849 tum
265 3795 498 3877 quacunque
521 3767 570 3845 de
593 3794 634 3845 re
664 3765 890 3874 provocatio
914 3767 970 3846 est
990 3765 1077 3872 lege
1097 3765 1201 3859 data,
1222 3793 1301 3846 non

147 3879 290 3961 itidem
309 3876 331 3958 ὲ
352 3881 600 3959 Parlamento
627 3877 675 3956 ad
700 3902 849 3982 regem,
869 3905 955 3985 quae
977 3878 1111 3957 omnia
1130 3896 1170 3957 et
1196 3879 1301 3987 poffe

146 3990 251 4086 sieri,
267 4008 307 4072 et
327 3990 438 4071 fuiffe
454 3987 589 4100 saepiirs
608 3987 723 4082 faeta,
740 4017 835 4068 cum
851 4009 1109 4069 monumenta
1125 3990 1298 4098 publica,

147 4124 239 4186 tum
257 4102 396 4211 legum
414 4104 634 4183 nostrarum
658 4099 926 4180 consultiffimi
951 4100 1153 4193 testantur,
1172 4105 1301 4183 nemi·

147 4243 244 4297 nem
263 4216 337 4295 esse
356 4214 536 4308 arbitror,
558 4210 679 4293 modb
698 4239 809 4291 mens
829 4213 865 4291 ei
886 4212 973 4291 sana
993 4213 1052 4307 s1t,
1073 4215 1143 4321 qui
1167 4216 1301 4295 Parla-

146 4347 332 4410 mentum
363 4327 477 4437 supra
503 4353 638 4434 regern
668 4323 742 4403 esse
769 4351 848 4403 non
880 4322 1059 4404 fateatur.
1119 4326 1230 4407 Nam
1260 4332 1300 4406 in

146 4442 374 4549 interregno
400 4441 521 4521 etiam
548 4437 842 4518 Parlamentum
862 4437 993 4543 viget;
1025 4455 1064 4516 et
1091 4440 1198 4545 quod
1222 4436 1301 4519 his-

147 4554 258 4636 roriis
276 4552 415 4633 nostris
439 4551 726 4632 testatiffimum
751 4548 821 4642 est,
843 4549 950 4627 nulla
978 4546 1210 4629 haereditatis
1238 4578 1301 4629 ra-

147 4666 256 4747 tione
285 4662 434 4757 habita,
465 4661 575 4773 saepe,
605 4689 727 4769 quem
756 4660 825 4739 fibi
854 4660 981 4740 visum
1010 4661 1080 4754 est,
1110 4660 1302 4768 suffragiis

144 4778 360 4861 liberrimis
379 4804 516 4886 regem
535 4774 694 4855 creavit.
735 4773 796 4852 Ut
811 4771 1039 4853 summatim
1050 4772 1182 4852 dicam
1193 4775 1302 4883 quod
