2888 5204
325 587 505 680 Contra
531 580 858 680 Alexandrum
883 585 1093 681 Morum.
1200 626 1221 707 3
1228 624 1250 707 ς
1256 624 1278 707 5

125 778 215 838 tem
230 756 408 838 adversus
427 758 685 838 contumelias
704 756 861 851 vestras,
883 759 943 837 uti
961 756 1087 867 spero,
1104 786 1183 839 non
1202 762 1280 839 eri-

157 872 255 949 ient.
315 869 518 978 Intelliges
545 891 632 950 tum
651 868 746 979 ipse,
772 865 893 977 quim
916 897 991 978 ego
1017 869 1142 951 libens
1168 874 1280 952 omni

124 899 208 1061 fios
227 1008 370 1089 genere
388 984 688 1061 contentionum
709 979 988 1090 supersedeam.
1049 986 1107 1063 At
1136 1012 1186 1063 ue
1205 985 1279 1064 tibi

124 1095 223 1198 jam,
237 1112 283 1172 ut
301 1112 411 1202 puto,
429 1092 666 1174 satisfactum
683 1092 763 1172 est:
795 1090 915 1200 ldque
930 1090 979 1172 ed
993 1095 1165 1203 amplius
1184 1094 1277 1190 feci,

124 1204 237 1315 quod
257 1206 476 1285 Dostorem
497 1223 536 1285 te
556 1205 808 1289 sacrosanoae
826 1203 1059 1313 Theologiae
1077 1234 1170 1287 cum
1189 1236 1277 1287 am-

124 1316 300 1427 pliffimo
319 1314 561 1425 phylasterio
581 1316 852 1428 agnoscerem3
885 1317 1126 1398 Dostoribus
1142 1338 1277 1400 autem

124 1427 295 1509 mirifice
312 1428 497 1509 deledtor.

184 1541 515 1621 NuncUlaccum
531 1540 665 1649 paucis
680 1539 915 1648 dignemur:
941 1566 1035 1618 nam
1051 1540 1272 1623 etUlaccus

122 1651 333 1763 responsat,
351 1649 643 1761 Typographus
658 1679 785 1744 meus,
801 1670 841 1730 et
852 1650 1080 1731 necessarius
1090 1651 1175 1756 jam
1191 1652 1274 1733 fac-

124 1783 202 1846 tus.
262 1763 460 1872 Responsa
476 1762 648 1843 hominis
668 1761 837 1843 breviter
848 1761 1050 1870 colligam,
1065 1782 1109 1842 ut
1124 1763 1275 1874 perspi·

124 1875 237 1956 eiatis
262 1871 383 1984 quim
406 1873 508 1955 belle
531 1875 735 1984 quadrent.
794 1876 847 1954 Es
867 1891 1073 1968 veterator,
1094 1876 1271 1983 inquam,

124 1987 291 2067 Ulacce.
352 1989 449 2066 Sum
469 1984 609 2080 bonus,
634 1987 777 2094 inquit,
796 1987 1083 2067 Arithmeticus.
1143 1990 1197 2067 Et
1216 2006 1274 2068 ta-

124 2125 219 2179 men
238 2118 470 2206 queruntur,
486 2100 555 2206 qui
576 2096 649 2177 tibi
668 2096 884 2206 expensum
904 2097 1091 2193 tulerunt,
1112 2097 1273 2207 pessime

124 2231 162 2292 te
178 2212 397 2293 numerare.
456 2212 546 2318 Ego
569 2209 616 2288 ad
633 2208 838 2318 probitatis
858 2236 1052 2302 normam,
1078 2229 1117 2290 te
1137 2213 1271 2320 exigo.

124 2323 238 2403 Hem
253 2321 340 2415 tibi,
353 2321 496 2429 inquit,
511 2350 680 2402 canonem
687 2320 1032 2428 Logaritlrmicum!
1054 2319 1272 2430 Sophistica

124 2432 207 2514 haec
226 2432 296 2528 est,
307 2433 471 2526 Ulacce,
493 2461 571 2513 non
586 2432 808 2541 Logistica:
829 2431 990 2543 perinde
1006 2433 1112 2540 quasi
1127 2434 1273 2514 idcirco

124 2544 252 2628 solum
267 2542 575 2625 Arithmeticam
594 2544 800 2637 didicisses,
824 2542 931 2651 quod
950 2544 992 2622 in
1023 2571 1068 2623 ea
1099 2543 1182 2624 falfi
1209 2574 1270 2625 re-

124 2657 260 2767 gulam
288 2656 421 2736 doceri
448 2656 664 2736 audiveras.
725 2655 997 2736 Clancularius
1016 2683 1070 2749 es,
1091 2656 1270 2764 inquam,

124 2790 162 2850 et
185 2769 373 2849 obaeratus
399 2766 599 2875 aufugisti.
659 2768 726 2846 Tu
750 2767 853 2846 mihi
874 2767 1028 2847 Sinuum
1046 2766 1209 2863 tabulas,
1230 2787 1271 2849 et

124 2877 372 2987 Tangentium
391 2897 430 2958 et
452 2879 662 2959 secantium
682 2905 828 2988 crepas.
886 2880 944 2958 At
965 2879 1109 2988 quibus
1138 2899 1271 2961 tecum

124 2994 223 3073 ratio
238 2992 307 3086 est,
328 2991 485 3100 expensi
507 2990 648 3072 tabulis
668 3009 705 3071 te
726 3007 892 3098 urgent:
925 2987 1045 3098 idque
1064 2990 1194 3102 ipsum
1214 2993 1271 3072 est

124 3102 231 3215 quod
251 3103 446 3183 sinuosum
473 3121 512 3182 te
532 3103 665 3195 nimis,
690 3120 730 3181 et
753 3103 871 3181 alieni
894 3099 1077 3211 cupidius
1104 3122 1270 3213 tangen-

124 3237 219 3309 tem,
238 3234 278 3295 et
296 3212 398 3295 male
419 3214 612 3294 secantem
632 3232 862 3321 queruntur.
887 3254 889 3259 ·
925 3210 1267 3321 Trigonometriam,

124 3328 268 3435 inquis,
297 3325 476 3430 conversts
500 3323 661 3406 sinubus
682 3326 720 3405 in
745 3323 1006 3433 Logarithmos
1033 3326 1269 3434 artpscialem

124 3434 270 3547 obsolvi.
329 3441 386 3518 At
405 3437 568 3517 artificia
592 3438 750 3518 interim
770 3455 836 3516 tua
863 3455 902 3515 et
919 3435 1102 3516 versutias
1126 3438 1269 3517 Credi-

124 3573 223 3633 tores
252 3550 391 3631 luunt:
426 3550 524 3630 Non
555 3550 894 3656 trigonometram,
925 3547 988 3627 sed
1018 3565 1269 3657 tetragonum

124 3665 198 3744 fine
219 3659 354 3742 fraude
369 3688 462 3742 cum
484 3661 560 3741 illis
580 3679 618 3740 te
639 3660 711 3740 elle
726 3660 924 3768 oportuit;
953 3685 1030 3739 non
1045 3661 1209 3768 angulos
1228 3681 1269 3742 et

124 3771 462 3882 >bliquitates,'sed
478 3771 591 3852 suum
606 3773 751 3880 cuique
769 3771 902 3850 metiri
920 3798 965 3850 ac
985 3770 1160 3852 reddere.
1200 3774 1266 3853 De

124 3905 271 3978 atero,
292 3885 339 3965 ad
360 3903 469 3965 tuam
487 3904 524 3963 te
539 3883 818 3964 confeffionem
834 3882 958 3992 ipsam
977 3881 1125 3988 rejicio.
1156 3885 1266 3964 Lon-

124 3999 218 4092 lini,
238 3996 405 4091 Parisiis,
427 3996 553 4104 iniqui
567 3994 749 4088 Librarii,
763 3995 948 4103 iniquum
956 3993 1170 4100 judicium,
1187 3997 1265 4078 ini-

124 4111 189 4222 qui
209 4109 392 4214 Judices;
415 4128 456 4187 tu
478 4108 578 4187 solus
598 4107 749 4213 integer
767 4124 807 4185 et
824 4105 972 4186 castus:
993 4125 1034 4185 at
1052 4106 1113 4186 illi
1131 4128 1266 4190 contra

124 4250 154 4303 :e
171 4248 299 4302 unum
319 4247 456 4300 omnes
476 4215 569 4299 cum
589 4220 810 4311 audientur,
831 4245 922 4296 vera
946 4216 1020 4297 esse
1044 4246 1089 4298 ea
1112 4247 1198 4327 quae
1216 4222 1265 4302 de

124 4356 155 4415 te
176 4333 277 4425 dixi,
298 4360 417 4412 nemo
437 4358 515 4411 non
532 4328 731 4412 fatebitur.
763 4331 810 4408 In
827 4357 891 4408 me
905 4348 1038 4425 autem
1052 4327 1172 4438 quam
1184 4333 1264 4413 sce-

124 4445 233 4526 ,estus
253 4443 386 4537 fueris,
411 4441 525 4523 facile
548 4442 740 4522 evincam.
800 4437 982 4521 Primum
1009 4439 1184 4550 scripsisti
1216 4445 1266 4524 ad

124 4555 381 4650 Hartlibium,
404 4574 555 4664 petens,
575 4572 620 4633 ut
639 4581 741 4647 mea,
768 4551 893 4661 siquid
912 4549 1114 4647 haberem,
1140 4554 1265 4662 polles

124 4668 333 4762 :xcudere;
355 4687 394 4746 et
414 4664 529 4745 simul
547 4665 596 4743 de
613 4693 701 4745 mea
719 4664 927 4744 oculorum
946 4664 1185 4759 calamitate,
1206 4666 1264 4746 es-

124 4779 246 4862 ilmne
262 4780 427 4860 omnino
443 4777 561 4858 orbus
577 4776 792 4871 luminum,
805 4773 939 4859 sedulo
954 4794 994 4855 et
1006 4776 1113 4884 quali
1129 4776 1265 4859 dolens
