2888 5204
143 180 223 258 402
391 141 616 240 Authoris
642 180 728 277 pro
754 141 796 239 se
824 139 1050 241 Defensro

148 335 193 396 ut
212 317 308 397 illud
329 319 513 399 omittam
529 319 636 426 qubd
653 320 806 400 virtutis
822 319 950 399 multo
965 318 1173 399 difficilior
1186 313 1299 425 qudrn

148 457 408 509 nummorum
426 429 611 539 spectatio
632 430 702 524 est,
723 428 800 511 hoc
828 429 915 511 sane
941 431 1109 525 constat,
1130 431 1298 538 privato·

149 568 240 621 rum
259 543 428 651 privatos
449 570 594 637 mores,
610 562 651 622 et
670 543 883 651 praesertim
897 543 993 624 vitia
1011 543 1062 623 ad
1082 569 1198 623 aures
1215 566 1298 646 grt-
1344 554 1347 611 t

149 653 333 746 viffimas,
347 672 406 733 tot
420 654 570 762 alioqui
586 657 752 761 negotiis
768 673 990 765 occupatas,
1004 650 1197 735 rariffime
1215 680 1297 760 per·

148 762 255 842 ferri.
323 766 378 845 Et
403 767 674 845 testimonium
701 765 908 875 publicum
937 785 1017 846 tam
1046 768 1121 874 qui
1150 783 1297 874 petunt,

150 872 271 982 quam
286 878 355 983 qui
376 878 483 970 dant,
498 877 592 957 boni
605 879 721 984 juxta
739 876 912 987 malique
928 876 1009 958 fere
1025 876 1115 957 sunt
1130 907 1142 970 ;
1174 894 1215 956 et
1232 903 1297 984 pe·

151 1004 240 1067 tunt
268 989 431 1096 quidem
460 989 556 1068 mali
586 986 721 1098 saepilrs
750 987 872 1098 quim
900 990 1009 1084 boni,
1044 987 1142 1069 falsa
1176 986 1296 1097 speeie

152 1097 368 1207 proborum
393 1101 536 1181 induti.
596 1103 656 1180 Ut
675 1102 838 1210 quisque
862 1102 1038 1211 optimus
1056 1099 1127 1197 est,
1149 1101 1207 1179 ita
1225 1099 1297 1179 mi·

152 1209 259 1291 nimb
280 1212 504 1293 testimonio
524 1233 615 1319 eget
628 1214 780 1294 alieno:
811 1242 938 1322 neque
952 1215 1062 1293 enim
1076 1209 1174 1292 facit
1189 1211 1298 1320 quic·

151 1349 272 1429 quam
297 1325 356 1404 vir
383 1322 507 1404 bonus
536 1344 581 1404 ut
607 1324 800 1417 noscatur,
830 1325 951 1433 seipso
978 1342 1204 1405 contentus.
1260 1321 1297 1400 Si

151 1436 431 1515 commendato
453 1436 509 1515 est
535 1463 649 1545 opus,
670 1438 858 1517 virtutem
878 1438 1030 1545 semper
1048 1435 1157 1545 apud
1176 1434 1216 1515 se
1234 1431 1300 1513 lta·

151 1543 219 1624 bet
237 1547 846 1657 commendatricemoptimam3
878 1545 1299 1640 fidetens0,0btreeta-

153 1657 325 1737 tionibus
345 1658 538 1738 nimirum
564 1678 604 1738 et
630 1660 838 1741 calumniis
857 1659 961 1741 haud
983 1656 1070 1739 rarb
1089 1659 1299 1768 appetitur,

151 1769 318 1849 eandem
336 1770 539 1851 circundat
554 1771 622 1850 fibi
642 1773 909 1880 integritatem
921 1771 1045 1865 suam,
1060 1791 1102 1851 et
1116 1771 1301 1851 invictam

152 1877 254 1959 recle
274 1880 470 1962 factorum
488 1883 790 1979 conscientiam;
817 1912 897 1992 quo
909 1885 1032 1963 veluti
1051 1884 1301 1962 munimento

154 2009 272 2099 atque
294 1993 465 2100 praefidio
486 1994 720 2088 firmissimo,
741 1998 1016 2105 improborum
1033 1991 1251 2075 hominum
1268 2009 1305 2071 et

155 2103 327 2212 impetus
343 2133 461 2186 vanos
481 2107 644 2216 excipit,
659 2126 700 2186 et
718 2108 793 2188 tela
813 2106 1030 2187 frustratur.
1072 2103 1227 2186 Contra
1242 2102 1303 2184 hic

155 2215 284 2295 noster
310 2218 468 2297 omnia:
500 2246 580 2298 non
610 2220 718 2297 enim
745 2221 947 2310 virtutem,
978 2218 1041 2298 sed
1072 2218 1304 2326 opinionem

154 2326 344 2408 duntaxat
363 2327 444 2433 ejus
465 2330 785 2437 integumentum
796 2332 998 2422 vitiorum,
1011 2329 1081 2409 fibi
1095 2355 1303 2438 compara·

157 2457 289 2518 verat:
312 2460 356 2519 ut
371 2446 552 2536 retectus,
567 2460 611 2522 ut
622 2440 896 2552 deprehensus,
911 2441 1145 2522 abscondere
1157 2435 1305 2523 diutilu

156 2550 451 2656 improbitatem
481 2552 590 2631 suam
620 2582 697 2634 non
727 2553 866 2662 potest,
892 2581 1006 2634 exors
1035 2553 1118 2660 ipse
1147 2552 1243 2634 fidei
1266 2570 1305 2630 et

155 2659 365 2767 naufragus
403 2663 451 2741 ad
490 2664 659 2744 alienam
694 2666 813 2745 fidem
851 2665 887 2744 se
920 2663 1099 2745 confert:
1132 2690 1305 2772 quorum

154 2772 278 2852 oculis
299 2794 410 2853 antea
431 2774 625 2870 servierat,
647 2805 784 2857 eorum
810 2805 915 2857 nunc
938 2805 1077 2857 manus
1096 2803 1305 2856 commen·

153 2884 307 2966 datitias
323 2886 533 2993 implorat;
565 2908 604 2967 ct
620 2890 803 2996 singulari
815 2890 985 2997 quadam
997 2906 1114 2996 atque
1129 2886 1304 2968 inauditi

153 2993 339 3077 haetenus
355 3000 618 3107 impudentia,
631 3029 801 3109 quorum
815 3001 1013 3107 judicium
1033 2998 1207 3108 experiri
1226 3026 1303 3078 non

151 3109 283 3202 audet,
299 3138 437 3189 eorum
457 3111 625 3220 postulat
645 3113 927 3193 testimonium.
966 3108 1180 3219 Propterea
1197 3107 1305 3216 qubd

157 3241 331 3301 meamet
345 3222 461 3329 ipsius
478 3223 666 3303 sententia
681 3225 886 3305 damnatus
904 3221 1122 3332 turpissime
1136 3221 1308 3311 discedo,

154 3330 262 3436 qubd
280 3333 487 3415 sententias
508 3336 649 3414 vestras
669 3333 810 3416 horreo
834 3355 951 3443 atque
975 3333 1156 3442 defugio,
1177 3333 1308 3413 literas

156 3444 281 3548 quaeso
305 3445 394 3524 date
425 3447 671 3542 innocentia,
693 3449 861 3556 pietatis,
883 3447 1083 3556 pudicitiae
1109 3445 1217 3555 apud
1240 3470 1307 3525 vos

155 3579 252 3632 meae
278 3556 540 3662 tssimoniales.
601 3557 872 3652 si·haes1tatur‚
897 3559 925 3638 fi
951 3557 1184 3664 ambigitur,
1205 3558 1232 3637 fi
1258 3554 1305 3635 ab

152 3662 237 3742 aliis
256 3665 426 3774 denique
447 3671 681 3751 reclamatur
703 3671 937 3778 indignitate
963 3671 1019 3750 rei
1038 3666 1303 3749 vehementis-

152 3772 247 3853 fime
272 3781 500 3873 commotis,
522 3780 602 3888 qub
630 3811 708 3863 non
736 3783 912 3863 demittit
939 3781 1002 3862 se?
1032 3779 1116 3889 qub
1135 3807 1215 3860 non
1234 3781 1305 3859 de·

152 3884 325 3967 scendit?
354 3892 671 3987 circumcursare,
696 3893 862 3989 ambire,
890 3892 1082 4001 prensare,
1102 3891 1303 3982 obtestari,

150 4015 190 4076 et
217 3998 298 4106 qub
326 4001 431 4080 adire
461 4031 539 4082 non
569 4006 700 4099 audet,
722 4006 770 4085 eb
799 4008 1020 4087 amicorum
1048 4003 1304 4110 allegationes

149 4108 361 4192 dimittere.
421 4115 609 4221 Aguntur
628 4116 793 4199 fortunae
811 4116 999 4210 hominis,
1016 4117 1149 4223 agitur
1166 4135 1302 4223 caput,

150 4222 401 4319 existimatio,
418 4226 546 4306 immb
559 4230 740 4310 Ecclestae
758 4234 876 4310 totius
896 4247 937 4308 et
951 4228 1046 4309 sacri
1064 4228 1215 4308 ordinis
1234 4254 1304 4307 ex-

150 4334 336 4415 istimatio
363 4339 506 4443 agitur.
567 4342 859 4449 Expugnantur
885 4340 1017 4435 multi,
1037 4341 1188 4449 partim
1213 4337 1303 4421 sati·
