2888 5204
148 191 230 291 284
421 178 513 270 Pro
538 171 723 306 Populo
749 171 1018 306 Anglicano

145 378 321 459 reparare
339 349 485 460 quiret,
506 369 545 429 te
564 347 749 428 inveniffe
767 349 873 454 justo
891 351 976 431 Dei
998 350 1172 457 judicio,
1199 376 1283 445 non,

144 463 250 542 unde
267 462 446 542 excuffus
460 461 532 554 est,
546 461 774 540 ministrum
789 462 1080 557 Genevensem,
1100 463 1167 543 sod
1181 463 1284 574 Epil-

144 601 293 683 copum
313 572 641 683 Lampsacenum,
656 573 698 652 id
713 571 786 666 est,
802 600 852 652 ex
868 572 985 654 horto
1000 574 1210 686 Priapum,
1223 573 1285 654 sua

143 686 286 765 domus
304 686 664 794 constupratorem:
689 685 794 765 unde
813 703 854 764 et
873 685 1135 768 insulfiffimaa
1147 686 1284 780 laudm,

145 815 254 876 tanto
282 825 377 877 cum
398 798 590 877 dedecore
615 816 768 905 emptas
789 798 996 893 aversatus,
1022 817 1067 880 et
1090 828 1145 880 ex
1167 798 1284 879 amico

146 909 432 989 inimiciffimus
444 907 584 1000 factus,
599 907 672 989 tibi
684 908 876 989 laudatori
887 910 970 1005 suo,
982 909 1112 991 multa
1124 911 1286 991 moriens

145 1023 384 1131 imprecatus
418 1021 487 1101 est.
551 1022 654 1100 Unus
682 1020 857 1101 inventus
883 1022 948 1130 est,
976 1050 1140 1130 magnus
1148 1021 1287 1128 scilicet

147 1137 284 1228 Heras,
317 1162 420 1243 quem
445 1133 620 1237 Salmafio
646 1149 879 1241 opponerent,
904 1133 1077 1242 Joannes
1095 1134 1285 1215 Miltonm.

147 1249 237 1355 Ego
249 1246 429 1326 Heroiim
444 1273 510 1323 me
522 1245 597 1324 effe
609 1244 846 1339 nesciebam,
859 1264 903 1326 tu
915 1246 1065 1326 Heroas
1075 1245 1285 1357 cujuspiam

144 1357 246 1439 forte
261 1356 365 1437 filius
385 1385 455 1466 per
473 1381 540 1437 me
560 1356 605 1437 fis
625 1355 733 1451 licet,
753 1375 859 1438 totus
876 1360 986 1438 enim
1004 1385 1112 1438 noxa
1130 1386 1189 1440 es.
1217 1360 1285 1438 At-

145 1497 223 1577 que
253 1496 379 1548 unum
409 1497 475 1548 me
505 1466 580 1548 effe
608 1468 832 1564 inventum,
862 1470 932 1578 qui
964 1469 1125 1559 causam
1154 1467 1284 1580 populi

145 1580 359 1688 Anglicani
383 1596 508 1672 tuear,
532 1581 559 1658 fi
581 1579 825 1690 Reipublicae
847 1582 1015 1662 rationes
1039 1582 1194 1689 cogito,
1208 1577 1284 1661 saul

144 1689 267 1800 quam
284 1691 416 1785 doleo,
444 1691 472 1771 fi
495 1692 668 1787 laudem,
692 1691 774 1798 ejus
796 1694 1032 1803 participem
1054 1691 1204 1774 habere
1226 1718 1282 1773 me

145 1804 349 1884 neminem
368 1800 483 1883 facile
508 1804 649 1912 patior.
709 1806 814 1915 Qis
838 1824 878 1886 et
901 1806 1004 1885 unde
1028 1805 1102 1885 fim
1126 1805 1284 1886 dubium
1321 1882 1323 1901 ,

144 1919 200 1998 ais
219 1916 308 1996 effe.
342 1916 450 1997 Tam
464 1916 564 1997 olim
582 1934 665 1996 erat
683 1914 850 1998 dubium
869 1918 958 2026 quis
972 1918 1195 2013 Homerus,
1206 1917 1282 2027 quit
1320 1910 1323 2001 l

145 2026 447 2109 Demosthenes.
507 2027 707 2136 Equidem
737 2047 864 2109 tacere
893 2029 978 2123 diu,
1005 2047 1047 2108 et
1073 2029 1182 2138 poffe
1214 2054 1283 2110 non
1321 2044 1323 2099 Ι

145 2142 325 2234 scribere,
341 2140 449 2247 quod
464 2167 667 2247 nunquam
678 2142 810 2249 potuit
821 2141 1042 2236 Salmafius,
1052 2136 1282 2236 didicerunt
1320 2140 1323 2249 ξ

145 2281 269 2361 eaque
287 2253 328 2331 in
348 2252 430 2332 finu
449 2251 650 2361 gestabam
672 2253 828 2346 tacitus,
850 2282 937 2363 quae
956 2252 984 2333 fi
1004 2271 1092 2333 tum
1116 2251 1282 2364 profem
1319 2258 1323 2339 l

146 2364 329 2457 libuiffet,
349 2392 457 2473 aeque
476 2391 521 2444 ac
540 2391 659 2457 nunc,
679 2363 898 2445 inclaruiffe
920 2364 1161 2472 jamdudum
1179 2382 1285 2477 poto·

146 2504 256 2556 ram:
286 2474 351 2554 sed
366 2478 584 2556 cunctantis
603 2475 716 2556 fama
734 2477 870 2556 avidus
891 2504 970 2558 non
994 2502 1120 2572 eram',
1143 2506 1192 2558 ne
1211 2476 1284 2557 hac

145 2588 324 2695 quidem,
342 2587 412 2667 nifi
432 2587 571 2668 idonea
586 2588 675 2667 data
691 2589 904 2683 occafione,
924 2616 1102 2698 unquam
1117 2589 1285 2701 prolatu·
1321 2602 1323 2621 '

146 2728 226 2793 rus,
258 2696 360 2778 nihil
393 2699 569 2780 laborans
593 2701 662 2780 etll
686 2700 754 2779 alii
784 2729 849 2781 me
874 2728 1118 2811 quaecunque
1146 2702 1284 2782 ndllem

146 2810 485 2907 seirenesciebant3
505 2839 583 2891 non
596 2813 704 2892 enim
717 2811 865 2893 famam
879 2812 942 2893 sed
957 2816 1284 2924 opportunitatem

145 2923 331 3033 cujusque
352 2926 408 3005 rei
427 2924 671 3035 praestolabar
682 2955 694 3020 ;
719 2925 822 3004 unde
842 2922 992 3005 fadum
1010 2926 1080 3020 est,
1098 2944 1146 3007 ut
1165 2922 1285 3007 multb

146 3057 235 3117 ante
251 3036 431 3148 plurimis
443 3036 562 3116 effem
573 3056 704 3130 notus,
716 3034 837 3145 quam
850 3037 1055 3119 Salmasrus
1070 3057 1187 3121 notus
1202 3037 1286 3118 eliet

145 3150 240 3242 fibi;
272 3177 376 3229 nunc
394 3149 651 3228 Andremone
674 3151 805 3230 notior
827 3149 884 3230 est
905 3149 1072 3230 caballo
1132 3149 1286 3233 Homo're

143 3293 194 3343 an
213 3261 363 3343 vermis.
422 3262 622 3368 Equidem
637 3261 775 3341 malim
795 3290 860 3342 me
879 3290 1057 3344 vermem
1076 3263 1168 3360 effe,
1186 3261 1284 3374 quod

145 3375 289 3454 fatetur
304 3373 352 3453 de
367 3371 404 3452 se
419 3375 539 3453 etiam
554 3375 642 3453 Rex
650 3374 838 3469 Davides,
851 3371 972 3481 qualm
985 3393 1101 3455 tuum
1112 3402 1286 3457 vermem

145 3489 186 3566 in
206 3489 363 3594 pectore
384 3512 585 3592 nunquam
603 3486 841 3566 moriturum
856 3488 961 3567 intus
976 3487 1118 3568 celare.
1152 3489 1286 3581 Aiunt,

144 3598 289 3705 inquis,
324 3597 494 3676 hominem
526 3597 826 3705 Cantabrigienfi
835 3597 1040 3680 Academia
1067 3597 1110 3679 ob
1130 3599 1286 3710 flagitia

137 3707 300 3820 pulsum,
315 3707 466 3788 dedecus
488 3726 526 3788 et
540 3708 711 3817 patriam
723 3710 882 3819 fugfffe,
906 3730 944 3792 et
966 3711 1004 3791 in
1023 3710 1182 3792 Italiam
1200 3740 1290 3795 cem·⁴

143 3820 325 3929 mig-ruffe.
383 3820 460 3899 Vel
489 3817 584 3899 hinc
607 3820 742 3900 licebit
768 3822 962 3928 conjicere
988 3818 1111 3929 quim
1136 3849 1286 3905 veraces

143 3934 203 4014 illi
220 3930 380 4024 fuerint,
400 3960 451 4011 ex
470 3931 613 4040 quibus
633 3960 691 4012 res
710 3933 855 4014 nostras
873 3933 1073 4013 auditione
1093 3936 1287 4048 accepisti,

144 4044 210 4126 hle
224 4045 331 4125 enim
347 4063 387 4123 et
406 4063 444 4123 te
460 4062 499 4122 et
518 4044 606 4123 illos
626 4044 961 4154 impudentiffimb
977 4048 1139 4127 mentiri
1159 4068 1202 4129 et
1219 4049 1288 4129 nb-

144 4177 236 4240 runt
251 4182 387 4237 omnes
407 4157 477 4265 qui
497 4184 562 4234 me
583 4157 741 4250 ndrunt,
762 4176 802 4236 et
820 4157 950 4237 statim
969 4158 1142 4269 amplius
1162 4161 1290 4242 osten·

142 4277 249 4352 dam.
295 4266 430 4348 Pulsus
450 4265 542 4347 verb
558 4268 826 4376 Cantabrigid,
840 4298 910 4350 cur
926 4271 967 4350 in
988 4271 1147 4351 Italiam
1159 4274 1290 4382 potius

141 4380 264 4494 qulam
293 4381 333 4460 in
364 4380 539 4460 Galliam
569 4400 636 4461 aut
664 4381 925 4463 Hollandiam
954 4383 1289 4494 commigrarem?
