2888 5204
144 206 225 285 314
432 169 523 259 Pro
549 161 733 295 Populo
759 158 1030 292 Anglicano

142 337 348 420 doetrinam
377 355 551 433 vertunt,
578 367 725 447 eamque
750 337 1045 445 reformaturum
1071 337 1284 443 ecclfiarum

142 451 358 558 constaſsone
373 451 529 560 cupiant
547 449 703 560 qualem,
717 479 786 530 non
799 448 937 531 audent
950 467 1086 561 aperto
1100 479 1164 533 ore
1175 448 1285 556 deser·

142 561 247 642 dere·
233 563 360 672 ,fuit,
373 563 583 674 inquitMil
578 580 698 656 tonus,
711 562 1054 670 etiamsummorum
1061 561 1283 670 lraecserrterr·

142 673 199 754 tia
217 670 334 757 Theol
315 676 491 782 logorum,
511 704 575 784 qur
571 674 663 784 ipſs
678 673 924 782 reformanda
937 675 1119 781 Ecclestae
1129 675 1286 756 authores

127 787 260 894 fuere.
322 787 432 880 Fuit,
453 788 631 894 inquam,
658 805 699 866 et
718 786 758 866 id
779 784 897 866 fustus
916 787 1071 868 docui
1056 816 1104 868 ιιι
1127 815 1176 868 oo
1198 785 1285 866 libro

144 927 214 1005 qur
203 898 362 978 nostro
383 900 570 979 idiomate
592 894 713 979 Terror
736 899 812 980 five
834 895 987 979 Tenum
1011 928 1146 1007 regum
1163 916 1201 979 et
1215 926 1284 979 nra·

140 1010 367 1118 gistratuum
385 1011 592 1121 inscriptus
612 1011 681 1105 est,
704 1008 918 1092 secundum
937 1012 1085 1108 editus,
1115 1030 1156 1092 et
1176 1009 1283 1099 alibi:
1322 1032 1325 1105 ι

144 1150 248 1204 nunc
267 1128 401 1204 astum
425 1125 555 1217 toties,
580 1123 723 1229 agendi
746 1122 949 1204 fastidium
970 1124 1108 1235 cepit:
1140 1123 1223 1203 illic
1241 1148 1283 1201 ex

145 1236 338 1330 Luthero,
360 1236 566 1343 Zuingli0,
592 1235 775 1330 Calvino,
802 1238 970 1330 Bucero,
993 1236 1194 1344 Martyre,
1221 1236 1284 1314 Pa·

144 1376 234 1442 rae0,
265 1349 435 1427 citantur
467 1346 547 1458 ipsa
581 1347 774 1427 verbatim
805 1348 906 1441 loca,
940 1374 991 1426 ex
1022 1348 1097 1429 illo
1127 1347 1282 1456 denique

146 1461 304 1553 Cnoxo,
317 1489 439 1568 quem
459 1489 584 1553 unum,
604 1487 681 1556 me,
698 1461 846 1540 Scotum
865 1461 920 1540 ais
939 1459 1109 1554 innuere,
1127 1485 1282 1569 quemque

144 1573 215 1651 tac
228 1572 267 1651 in
286 1601 328 1651 re
342 1572 561 1679 reformatos
572 1600 702 1665 omnes,
710 1570 923 1681 praestrtim
937 1571 1081 1666 Gallos,
1097 1572 1167 1653 illa
1184 1586 1283 1651 atate

143 1682 395 1793 condemnaffe.
453 1685 581 1791 Atqui
597 1683 664 1762 ille
684 1704 833 1778 contra,
846 1683 953 1792 quod
971 1683 1031 1763 ibi
1046 1704 1237 1777 narratur,
1252 1679 1282 1761 se

145 1796 255 1874 illam
283 1796 503 1875 doctrinam
534 1797 769 1875 nominatim
795 1793 1022 1890 irCalvino,
1055 1794 1282 1903 summisque

142 1907 228 1987 aliis
240 1935 285 1987 ea
301 1909 530 2018 tempestate
545 1906 781 2016 Theologis,
795 1908 1032 2018 quibuscum
1047 1907 1283 1988 familiariter

146 2020 411 2114 consueverat,
432 2018 590 2099 hausisse
610 2020 804 2100 affirmat:
835 2021 948 2129 plura
966 2021 1089 2101 etiam
1110 2020 1194 2100 illic
1208 2015 1283 2099 nos·

145 2151 310 2228 trorum,
335 2150 522 2261 regnante
548 2133 679 2211 Maria
702 2152 742 2212 et
767 2130 1017 2226 Elizabetha,
1041 2133 1283 2214 finceriorum

144 2242 477 2351 Theologorum
466 2271 506 2323 ιιι
531 2245 696 2323 eandem
719 2244 951 2324 sententiam
970 2245 1207 2355 deprompta
1228 2270 1281 2322 re·

144 2357 284 2464 peries.
342 2358 409 2435 Tu
429 2352 522 2435 verb
542 2357 701 2437 tandem
719 2359 917 2486 conceptis
938 2356 986 2436 ad
1004 2359 1148 2436 Deum
1166 2354 1282 2465 preci·

144 2465 217 2546 bus
243 2465 344 2546 male
369 2468 533 2576 prolixis
564 2495 720 2577 peroras
750 2469 897 2578 impius
927 2469 1223 2563 abominandis,
1249 2483 1283 2546 ct

145 2606 188 2657 os
215 2579 313 2658 illud
343 2580 581 2673 adulterum,
609 2580 819 2661 obduratus
843 2580 944 2660 coelo
972 2581 1116 2661 offers:
1150 2583 1229 2661 fino
1250 2598 1281 2657 te

145 2689 274 2785 facile,
290 2718 417 2798 neque
439 2692 661 2801 interpello,
675 2693 799 2799 major
814 2695 922 2773 enim
940 2694 1127 2774 cumulus
1146 2694 1224 2773 ad
1212 2720 1279 2771 rm·

145 2804 333 2911 pietatem
354 2824 464 2883 tuam
481 2805 664 2883 accedere
679 2833 757 2883 non
774 2807 918 2914 potuit.
978 2807 1174 2886 Revertor
1188 2829 1280 2886 nunc

146 2916 194 2995 ad
210 2916 250 2996 id
266 2915 374 3024 quod
391 2918 502 3026 supra
522 2916 720 3025 pollicitus
735 2916 836 3011 sum,
856 2938 895 2996 et
914 2916 1065 3023 objedta
1086 2916 1280 2998 Cromvello

140 3030 357 3167 praecipua
349 3030 515 3109 crimina
534 3057 619 3136 quae
638 3028 775 3123 sunt,
766 3057 806 3107 ιιι
827 3030 959 3109 medio
971 3027 1038 3109 hic
1054 3058 1224 3141 ponam;
1243 3043 1281 3107 ut

146 3141 269 3250 sparsa
287 3171 407 3250 quam
425 3140 570 3220 fuerint
584 3142 658 3220 lev
635 3170 684 3218 ra
699 3142 812 3248 poffit
824 3142 1008 3249 intelligi,
1021 3171 1109 3252 quae
1128 3142 1278 3223 collecta

145 3254 301 3333 nullum
317 3255 502 3381 pondus
492 3282 531 3331 ιιι
552 3253 589 3332 se
609 3251 767 3333 habent.
802 3257 937 3334 Coram
950 3271 979 3360 p
980 3252 1127 3334 laribus
1147 3252 1278 3364 rssibur

136 3365 524 3474 pronunciavitstbi'
507 3395 545 3444 m
563 3366 680 3445 animo
699 3365 777 3474 effe,
797 3367 1027 3446 monarchias
1044 3396 1166 3447 omnes
1184 3393 1277 3448 ever·

142 3496 236 3571 tere,
251 3507 354 3585 reges
369 3508 485 3557 omnes
499 3478 609 3558 exitio
621 3477 725 3558 dare.
758 3483 858 3587 Qae
875 3501 940 3557 tua
957 3479 1000 3557 fit
1020 3481 1277 3559 narrationum

143 3588 239 3668 fides
243 3591 349 3695 ,jam
364 3592 570 3698 aliquoties
590 3591 785 3684 vidimus;
813 3591 916 3669 dixit
935 3588 1089 3670 fortasse
1106 3592 1182 3671 tibi
1201 3616 1277 3701 per·
1323 3640 1325 3645 -

144 3700 330 3807 fugarum
359 3703 499 3810 aliquis
531 3703 807 3781 Cromvellum
843 3703 896 3781 ita
929 3702 1090 3796 dixiffe3
1127 3732 1181 3784 ex
1215 3702 1279 3784 illis

142 3813 278 3893 multis
308 3813 467 3894 testibus
498 3815 655 3894 nullum
682 3814 884 3893 nominas.
918 3815 1066 3942 quod
1055 3833 1192 3923 ltaque
1215 3816 1280 3895 fine

142 3922 305 4006 authore
333 3927 549 4020 maledicis,
580 3926 716 4036 suopte
747 3927 845 4006 vitio
880 3928 971 4006 ruit.
1031 3928 1181 4006 Non
1170 3957 1203 4009 rs
1236 3925 1282 4006 est

143 4038 389 4131 Comvellus,
416 4067 538 4147 quem
568 4038 616 4117 de
640 4038 749 4117 suis
734 4066 819 4141 jam
846 4037 958 4117 fastis
985 4037 1088 4117 ullus
1114 4066 1283 4149 unquam

141 4152 399 4259 vaniloquum
422 4152 610 4244 audierit;
644 4148 799 4230 tantbm
829 4149 935 4229 abest
960 4170 1004 4229 ut
1031 4149 1179 4232 infesta
1207 4180 1284 4261 quae

140 4265 243 4358 sunt,
268 4284 427 4371 tamque
451 4263 640 4355 difficilia,
668 4264 717 4343 de
745 4265 791 4343 iis
818 4262 1044 4341 insolentius
1070 4266 1284 4373 quicquam

139 4377 369 4485 promittere
390 4404 434 4455 ac
454 4375 627 4455 minitari
643 4374 908 4455 consueverit:
931 4372 1019 4455 sane
1034 4374 1106 4455 ista
1127 4378 1201 4457 tibi
1221 4376 1285 4485 qui
