796 1583
163 298 253 321 Contra
265 296 428 321 Alexandrum
441 297 545 321 Morum.
602 301 642 327 369
651 296 655 301 '

101 340 125 364 is,
140 348 177 368 pro
189 347 213 361 eo
223 340 277 368 quod
287 340 357 360 diserte
369 340 404 360 scri
420 345 463 360 mm
475 340 510 364 est,
523 340 579 361 suum
593 341 641 361 libet

99 369 115 388 ri
125 368 239 388 adscribere.
268 369 302 388 Ad
314 375 346 388 me
356 375 396 395 quo
423 368 500 392 attinet,
510 368 572 388 fateor
581 369 640 389 malle

108 403 155 416 cum
163 396 219 416 sacris
229 396 353 432 scriptoribus
363 395 427 425 εὖθυξ“’
426 396 544 424 μανα,<]ιιὲηι
550 403 597 417 cum
607 397 640 417 fu-

99 424 133 444 bus
141 424 223 445 Rabinis
233 424 320 452 ιάχήμανα
329 424 373 444 effe.
388 425 461 451 Tuque
469 424 538 444 frustra
546 425 640 445 Marcum

101 452 159 473 nium
167 453 272 476 inclamas;
283 453 319 480 qui
328 452 360 472 fi¹
351 460 370 473 m
378 460 434 473 aureo
444 452 479 473 illo
488 459 549 479 quem
557 453 612 477 citas,
618 453 640 473 de

99 481 138 501 :ciis
147 481 200 505 lxbrv,
211 481 261 501 illud
270 481 351 507 jocandi
362 487 424 508 genus
436 481 522 508 elegans,
535 481 639 505 urbanum,

101 509 196 533 eniosum,
203 508 289 529 facetum
297 509 408 533 arbitratur,
416 516 456 536 quo
464 516 535 536 genere
546 516 585 529 non
595 517 639 530 mo-

102 537 182 557 Plautus
190 542 210 557 et
217 537 331 557 Atticorum
341 537 421 564 antiqua
429 537 532 560 comoedia,
541 537 572 557 sed
578 538 639 558 etiam

99 565 232 592 ilosophorum
250 565 394 585 Socraticorum
410 565 455 585 libri
471 564 536 585 referti
551 565 602 589 sunt,
619 565 639 585 id

99 593 118 613 ›d
128 593 169 613 illic
178 593 245 620 legiffe
255 598 338 625 poteras,
348 600 387 613 non
394 593 427 613 ille
435 593 486 613 mihi
492 593 573 620 quidem
580 593 639 613 nimis

99 621 164 647 mustos
174 628 213 641 non
224 621 282 641 nimis
293 621 366 641 severos
377 621 443 641 decori
455 621 538 641 statuiffe
550 621 599 641 fines
608 622 638 641 vi-

100 656 130 672 ur,
133 654 155 669 ut
161 649 255 676 cuiquam
262 649 342 669 difficile
348 649 383 669 fir'
378 654 428 669 intra
436 656 468 669 eos
477 649 524 669 fines
532 649 569 669 sese
574 649 639 669 conti-

100 684 111 697 e
115 685 121 700 ;
129 677 202 697 nedum
208 682 230 697 ut
236 684 274 704 ego
280 684 312 697 me
319 684 357 697 non
361 677 499 697 continuerim.
516 677 578 697 Noli·
573 682 639 704 itaque

99 704 148 725 mihi
157 705 219 725 homo
229 705 400 732 inquinatissimus,
412 705 437 725 de
447 705 528 725 honesto
538 710 558 725 ct
568 706 639 726 decoro

99 733 148 760 ptire
156 741 161 757 ;
173 740 212 753 non
221 733 249 753 est
255 738 319 757 tuum,
328 733 378 753 mihi
388 733 457 757 crede;
468 732 532 753 immo
540 738 561 753 tu
569 733 595 753 fic
603 733 639 753 ha-

99 768 118 785 o,
127 761 177 781 nihil
184 761 250 782 minus
257 761 334 785 decere,
344 761 394 781 nihil
404 761 429 781 ab
439 761 512 781 ratione
523 761 563 788 ipsa
572 761 639 782 decori

99 789 128 816 gis
137 789 248 813 abhorrere,
262 788 323 817 quem
334 794 353 810 te
367 789 434 813 talem,
446 789 510 816 qualis
519 796 547 812 es,
562 789 639 810 lautum

99 824 175 837 nonem
188 817 286 845 usurpare,
297 822 331 838 aut
344 818 423 838 illotum
427 817 580 850 reprehendere.
601 818 639 838 Sed

99 846 135 865 eris
150 852 202 865 nunc
212 845 262 865 velle
276 852 319 865 rem
330 852 410 865 omnem
426 846 446 866 in
474 852 522 865 auca
537 845 637 872 redigere.

99 873 179 900 nstaem,
173 874 245 901 inquis,
255 878 312 894 autor
320 873 416 894 Clamoris.
447 852 481 893 bfo
469 880 495 893 on
505 873 578 893 suades.
601 874 639 894 Rts

99 901 201 925 rt‚dilucet‚
205 908 277 936 eamque
284 901 372 929 pluribus
379 901 493 928 argumentis
498 901 593 928 qffirmare
599 907 639 922 tam

100 929 188 957 ineptum.
200 937 255 957 quam
267 937 286 950 m
300 929 416 956 clarffmum
424 929 481 956 filem
491 930 569 949 mortale
579 930 639 950 lumen

99 965 141 977 ·rre.
163 958 235 977 Desine
245 958 353 985 ampullas;
364 957 396 978 dic
404 957 483 978 tandem
493 957 575 985 aliquid.
598 958 639 985 Iffl

108 990 197 1013 quantum
209 985 278 1013 pqffizm
292 986 377 1006 reclamo.
407 986 488 1012 Nempe
499 992 550 1005 nunc
560 986 638 1009 ἀεικῶς

99 1013 168 1034 raciter
177 1013 238 1034 modo
248 1018 267 1033 et
277 1013 342 1041 regie5
357 1020 409 1034 nunc
421 1013 496 1033 misere.
526 1013 592 1033 Amici
603 1021 638 1034 non

99 1047 133 1062 ηιξ.
163 1042 195 1061 Ex
207 1049 241 1062 ore
257 1046 299 1061 tuo.
329 1041 442 1069 Eccleſsastae
456 1041 558 1061 admonent.
588 1042 638 1062 Fide

99 1084 104 1089 .
129 1069 202 1096 Legati
209 1070 325 1096 corfirmant.
350 1070 381 1090 Ex
392 1069 453 1090 literis
463 1069 508 1089 mis.
534 1070 590 1097 Qd
600 1069 638 1090 hoc

99 1104 123 1118 ne
132 1098 186 1118 aliud
196 1098 231 1121 est,
242 1097 276 1118 nifi
287 1098 320 1118 illa
330 1097 387 1118 initio
397 1102 430 1118 tua
440 1097 541 1124 singularis
551 1098 637 1124 negatio,

99 1126 155 1152 nsttm
165 1126 234 1146 author
241 1125 251 1145 ἲ
268 1125 345 1146 Verhm
356 1131 385 1149 tu,
395 1131 500 1153 antequam
510 1125 534 1145 ad
545 1125 598 1146 hunc
608 1126 638 1146 lo-

99 1161 110 1174 n
120 1154 230 1181 pervenisti,
242 1154 319 1180 jamdiu
330 1154 424 1181 intelligis
434 1154 492 1174 miser
504 1160 545 1180 quo
554 1153 599 1174 loco
608 1161 638 1174 res

99 1182 157 1206 :sinu
173 1189 222 1209 quos
232 1182 252 1201 in
264 1182 343 1209 laqueos
356 1187 375 1202 te
388 1182 486 1205 indueris;
502 1182 574 1208 quibus
584 1181 595 1202 ὲ
605 1189 637 1202 me

99 1210 146 1230 culis
156 1210 210 1230 obses
221 1211 315 1230 tenearis:
332 1217 383 1230 nunc
395 1215 492 1237 quantum
502 1210 554 1230 voles
566 1210 637 1234 clama,

103 1245 142 1257 non
152 1237 256 1258 authorem
262 1238 360 1258 Clamoris
367 1238 405 1258 effe
412 1246 417 1261 ;
432 1237 479 1258 cum
486 1238 578 1258 omnium
588 1245 637 1265 gen-

99 1272 115 1285 τι
122 1265 176 1292 leges
181 1271 240 1293 atque
247 1266 299 1292 jura,
307 1266 419 1286 Praeconem
430 1271 448 1286 te
455 1265 505 1285 mihi
513 1273 549 1293 pro
558 1266 638 1286 Clama-

99 1300 114 1317 =,
123 1294 272 1314 Procuratorem
283 1301 319 1321 pro
330 1293 420 1314 Authore
431 1294 551 1314 tradiderint.
582 1294 638 1321 Qid

99 1328 117 1341 lc
126 1321 208 1342 authore
219 1322 259 1345 fiat,
269 1326 303 1342 aut
312 1322 345 1341 ubi
355 1327 451 1342 terrarum
459 1322 524 1348 degat,
535 1321 585 1341 nihil
596 1329 638 1342 mo-

102 1357 107 1369 :
118 1349 189 1370 vixerit
199 1349 242 1370 stne
251 1350 271 1369 in
279 1350 352 1373 Gallia,
362 1355 382 1370 et
392 1350 449 1370 fimul
460 1350 479 1370 in
490 1349 638 1376 Hollandiaju-

99 1384 105 1403 μ
333 1384 344 1397 ιι
356 1384 366 1397 n
