2888 5204
402 514 644 643 Defenfio.
684 524 805 655 Cap.
833 555 875 618 2.
1163 562 1217 649 47

66 695 241 775 Samueli
262 696 387 776 Deus.
448 698 548 777 Non
566 696 776 778 advocatus
795 694 906 804 ergb,
927 696 990 776 sed
1017 719 1059 779 tu
1079 699 1221 781 ceritas

64 806 131 886 ille
156 827 198 886 et
216 808 461 918 lymphaticus
482 836 538 903 es,
566 811 638 919 qui
663 809 784 889 modb
808 828 852 889 ut
875 835 1012 915 regern
1035 809 1218 905 honores,

64 919 122 998 nil
161 921 303 1000 Deum
343 921 542 1000 revereris.
616 921 703 1000 Isne
744 920 818 1000 tibi
854 921 1013 1001 Samuel
1051 923 1219 1017 videtur,

64 1031 136 1138 qui
160 1030 276 1111 saluti
299 1052 367 1112 aut
390 1029 571 1112 charitati
596 1034 728 1141 patriae
754 1031 928 1111 filiorum
952 1033 1155 1113 avaritiam
1180 1054 1220 1114 et

64 1142 330 1223 ambitionem
360 1143 625 1252 praeposuerit,
652 1144 724 1251 qui
747 1142 897 1253 populo
928 1149 1032 1223 recta
1054 1165 1094 1224 et
1117 1146 1219 1226 salu-

66 1254 165 1333 taria
183 1256 353 1364 petenti,
369 1273 451 1334 tam
469 1255 613 1335 callido
628 1256 802 1348 confilio‚
820 1273 980 1362 tamque
996 1255 1107 1336 vafro
1126 1258 1219 1336 illu-

66 1363 172 1459 serit,
188 1364 284 1446 falsa
301 1394 374 1477 pro
392 1367 494 1446 veris
513 1367 719 1447 docuerit?
749 1365 835 1447 Isne
851 1366 924 1447 tibi
944 1368 1071 1461 Deus,
1086 1370 1157 1477 qui
1176 1370 1218 1446 in

66 1504 107 1555 re
127 1497 213 1556 tam
231 1478 339 1588 turpi
354 1479 479 1557 cuivis
492 1478 789 1585 gratificaretur,
808 1497 878 1559 aut
894 1506 989 1558 cum
1003 1480 1152 1588 populo
1169 1480 1217 1558 fi-

10 1620 18 1635 *
67 1587 217 1669 mulatb
236 1591 396 1697 ageret?
424 1594 511 1669 Aut
529 1589 624 1697 ergb
637 1589 702 1696 jus
722 1591 879 1696 regium
903 1617 981 1669 non
1004 1611 1087 1670 erat
1109 1591 1216 1699 quod

67 1698 268 1810 Propheta
292 1701 442 1811 populo
468 1701 663 1809 exposuit,
687 1721 755 1782 aut
775 1702 841 1807 jus
868 1700 981 1794 illud,
1010 1703 1104 1782 teste
1125 1704 1217 1783 Deo

12 1910 17 1915 Ι
66 1831 104 1890 et
127 1810 346 1921 Propheta,
371 1813 540 1906 malurn,
565 1813 776 1892 molestum
805 1812 1025 1893 violentum
1060 1815 1216 1908 inutile,

66 1922 342 2034 sumptuosum
364 1923 518 2033 reipub.
538 1943 643 2017 erat;
670 1943 738 2004 aut
763 1925 949 2032 denique,
972 1926 1080 2033 quod
1107 1926 1216 2007 nefas

66 2034 121 2114 cst
142 2036 292 2130 dicere,
318 2054 359 2115 et
383 2037 496 2116 Deus
518 2054 559 2116 et
583 2032 782 2144 Propheta
813 2036 962 2144 populo
985 2037 1102 2116 verba
1125 2038 1216 2118 dare

66 2147 294 2227 voluerunt.
354 2147 497 2227 Paffim
509 2148 618 2226 enim
633 2147 791 2227 testatur
804 2149 916 2227 Deus
930 2146 1041 2228 valde
1057 2147 1128 2228 fibi
1138 2150 1216 2229 dis·

67 2256 247 2366 plicuiffe
261 2257 370 2367 qubd
384 2286 520 2366 regern
538 2258 734 2367 petiffent.
751 2286 831 2338 ver.
845 2283 887 2365 7.
918 2261 1007 2339 Non
1025 2277 1063 2339 te
1073 2258 1149 2365 sed
1162 2291 1217 2341 me

58 2368 290 2477 spreverunt
307 2400 359 2450 ne.
369 2399 516 2478 regnem
530 2369 651 2480 super
669 2368 772 2478 ipsas,
787 2366 992 2475 secundbm
1015 2370 1082 2450 illa
1095 2375 1216 2479 sarbia

67 2481 199 2591 quibus
215 2482 490 2592 dereliquerunt
503 2511 559 2562 me
573 2499 610 2561 et
624 2481 815 2562 coluerunt
828 2480 1096 2562 Deosalieaos:
1127 2511 1172 2562 ac
1189 2484 1216 2562 fi

67 2592 215 2703 species
238 2595 418 2703 'quaedam
444 2593 671 2674 idololatriae
690 2592 888 2672 videretur
905 2620 1040 2700 regem
1068 2613 1214 2704 petere,

67 2707 136 2813 qui
159 2705 316 2785 adorari
339 2707 392 2799 se,
422 2724 462 2785 et
483 2703 652 2785 honores
678 2702 802 2815 propb
821 2704 973 2784 divinos
999 2706 1119 2786 tribui
1144 2707 1214 2787 fibi

67 2816 252 2925 postulat.
312 2815 412 2898 Sane
431 2817 502 2925 qui
521 2815 633 2926 supra
652 2844 790 2897 omnes
806 2816 911 2925 leges
930 2835 1129 2897 terrenum
1145 2819 1216 2899 fibi

67 2927 281 3009 dominum
306 2929 491 3038 imponit,
520 2926 643 3037 propb
669 2928 792 3008 estut
818 2928 888 3007 fibi
912 2929 1049 3009 Deum
1075 2930 1216 3011 statuat

66 3039 269 3135 alienum3
290 3041 429 3120 Deum
445 3041 583 3148 utique
602 3039 709 3120 haud
728 3037 823 3148 saepe
842 3040 1129 3135 rationabilem,
1150 3041 1214 3121 sed

23 3144 26 3149 ’
68 3151 278 3260 profligati
296 3148 431 3263 saepius
445 3152 593 3232 ratione
611 3150 774 3231 brutum
793 3168 832 3230 et
843 3151 1078 3231 belluinum.
1111 3154 1174 3233 Sic
1192 3181 1206 3232 1

10 3286 18 3363 g
68 3264 176 3343 Sam.
197 3290 261 3344 10.
279 3290 342 3370 19.
377 3264 418 3342 V
411 3293 448 3343 as
446 3263 644 3371 sprevistis
659 3265 784 3343 Deum
798 3263 957 3372 vestrum
972 3264 1040 3373 qui
1050 3261 1121 3371 tpst’
1122 3264 1214 3371 ser·

10 3372 17 3463 ἒ
66 3392 139 3455 vat
151 3403 220 3455 vas
233 3374 282 3455 ab
293 3375 455 3455 amnibus
468 3375 590 3468 malis,
601 3391 638 3454 et
655 3373 832 3482 angustiis
846 3375 991 3482 vestris,
1004 3372 1086 3456 cbm
1099 3375 1214 3483 dixff-

10 3474 17 3611 Ι
65 3486 118 3567 tis
134 3486 185 3581 ei,
203 3515 327 3594 regem
335 3503 529 3597 praepones
546 3484 658 3566 nabis.
675 3505 715 3565 et
732 3513 819 3594 cap.
841 3511 904 3565 12.
926 3511 990 3566 12.
1049 3487 1133 3567 Vos
1153 3516 1215 3567 re-

10 3620 14 3665 ῐ
65 3624 164 3705 gem
186 3598 351 3707 petistis,
372 3594 455 3679 crim
478 3597 631 3705 Jebava
642 3598 702 3702 stt
724 3625 792 3677 rex
817 3598 947 3705 vester.
973 3615 1012 3675 et
1037 3626 1117 3677 ver.
1149 3621 1212 3702 17.

69 3709 202 3789 Videte
215 3711 353 3790 malum
366 3739 497 3790 verum
509 3738 682 3817 magnum
696 3707 894 3817 efficoram
906 3707 1215 3818 Jebavapetena'a

66 3820 172 3902 vobi}
185 3850 321 3929 regem.
381 3824 435 3902 Et
452 3821 716 3929 contemptim
734 3819 866 3900 Hosea
879 3820 928 3899 de
941 3848 1048 3928 rege,
1067 3848 1128 3927 13.
1148 3849 1211 3902 10.

72 3960 87 4012 r
101 3959 138 4012 1.
176 3931 253 4014 Ubi
265 3963 334 4014 rex
351 3949 453 4026 tuus,
467 3932 614 4012 ubinam
629 3932 677 4040 ast
690 3930 711 4011 ,ἲ
725 3931 861 4037 struet
874 3929 1003 4036 tejam
1022 3932 1059 4013 in
1073 3934 1214 4015 ciuita-

65 4044 170 4125 tibus
182 4043 275 4124 tuis.
337 4045 412 4126 Ubi
421 4044 584 4126 vindices
597 4043 660 4123 tui
670 4041 692 4122 i
719 4043 885 4152 quoniam
904 4041 1040 4152 dixssi,
1059 4042 1107 4124 da
1125 4047 1219 4127 mibi

65 4154 1215 4375 353302'512021‘2‘502bgss‘bssjssssg‘bbr'bbbbib

65 4409 183 4491 neque
182 4379 296 4487 filius
311 4409 411 4461 meus
428 4380 467 4460 in
479 4409 544 4461 vas
557 4377 818 4471 dominabitur,
824 4376 899 4482 std
912 4377 1158 4460 dominabitur
1177 4382 1215 4461 in

64 4521 135 4572 vos
149 4490 319 4600 Jehava.
349 4492 445 4595 Jud.
465 4491 504 4572 8.
525 4488 639 4601 planb
659 4519 705 4570 ac
725 4491 751 4569 fi
775 4490 889 4569 simul
908 4489 1110 4585 docuisset,
1135 4520 1214 4572 non

64 4602 244 4684 hominis
273 4603 349 4684 effe
375 4603 570 4684 dominari
592 4602 634 4679 in
656 4601 852 4696 homines,
880 4600 942 4681 sed
974 4601 1090 4682 solius
1118 4603 1212 4682 Dei.

65 4717 183 4797 Hinc
201 4714 464 4797 Hebraeorum
484 4713 786 4824 rempublicam,
814 4714 855 4794 in
878 4742 956 4823 qua
976 4714 1087 4792 Deus
1107 4715 1216 4823 prin-
