2888 5204
524 513 753 616 Pr‘aefatiO.
1168 558 1211 613 11

56 692 184 802 pntql.
245 693 313 773 De
339 691 440 800 regis
466 711 590 774 autem
600 692 801 804 stcpplicia,
825 710 864 774 et
888 721 1015 773 rerum
1034 690 1141 801 apud
1159 723 1223 773 nas

62 804 293 998 ‘3²¹¹’in
312 804 966 1027 3552255“b.f„'⁰'‘2ytl¹²'{av52“2
991 804 1092 997 ’Ἤ
1116 824 1223 997 ‘²¹:2⁸

62 948 153 1140 {neb
159 948 442 1137 jizdicibsabta
448 978 548 1136 sint,
567 948 691 1111 telicet
712 945 1222 1139 repiaegnantge,'fii1gntbucas

56 1141 205 1253 pitibus
225 1139 402 1250 utendam
424 1159 463 1221 et
474 1141 605 1252 ‘pedem
627 1141 827 1250 conferam.
891 1141 941 1221 Si
965 1159 1088 1222 tamen
1111 1143 1223 1252 instas

64 1282 146 1363 quo
159 1254 268 1361 jure,
293 1255 371 1362 qut
394 1253 497 1363 lege,
524 1255 584 1348 ed,
604 1254 767 1364 inquam,
793 1255 871 1361 lege
888 1284 998 1364 quam
1017 1255 1126 1333 Deus
1149 1255 1222 1364 ipse

41 1432 44 1437 .
64 1386 101 1446 et
118 1386 266 1447 natura
274 1365 425 1472 sanxit,
451 1384 496 1446 ut
513 1367 633 1447 omnia
651 1395 735 1477 qua
756 1366 914 1476 reipubl.
935 1366 1136 1472 strlntaria
1166 1368 1220 1475 es-

51 1481 158 1585 sent,
178 1478 344 1585 legitima
360 1497 397 1557 et
416 1476 523 1587 justa
541 1479 780 1559 haberentur.
840 1479 904 1559 Sic
931 1477 1015 1559 olim
1031 1478 1221 1589 sapientes

64 1592 128 1672 tui
132 1589 322 1697 stmilrbus
339 1588 612 1699 responderunt.
672 1592 800 1699 Leges
815 1619 886 1699 per
906 1608 965 1670 tot
983 1617 1105 1670 annos
1121 1611 1220 1672 ratas

65 1702 236 1783 refixiffe
264 1731 327 1782 nos
355 1702 568 1783 crr'mtnart‘s
579 1735 594 1795 ‚·
625 1702 778 1808 bonusne
798 1733 849 1783 an
874 1703 993 1783 malas
1017 1731 1087 1782 nan
1117 1702 1221 1796 ducale,

66 1844 133 1897 nec
137 1816 185 1921 st
195 1813 333 1895 diceres
350 1813 551 1895 audiendus
568 1815 666 1925 effes,
686 1845 772 1895 nam
790 1814 921 1923 nestrae
939 1815 1034 1919 leges
1048 1816 1117 1895 Ole
1135 1815 1227 1925 qnid

67 1927 123 2008 ad
133 1925 205 2007 te?
238 1928 388 2008 Utinam
400 1928 531 2036 plures
549 1926 748 2038 refixiffent
766 1945 846 2007 tum
865 1927 960 2034 leges
981 1945 1060 2006 tum
1084 1928 1222 2034 legule-

68 2039 147 2120 ius:
177 2038 318 2120 rebtitis
332 2038 430 2144 san>
448 2057 486 2120 et
504 2040 564 2120 rei
580 2039 803 2148 Christiana
821 2059 859 2119 et
875 2039 1009 2148 papula
1028 2039 1223 2147 carfialuff-

53 2151 158 2258 sent.
221 2149 385 2232 Frendes
402 2152 499 2262 quad
508 2150 606 2245 haec,
623 2152 770 2244 Manii,
788 2169 897 2230 terrae
916 2150 1003 2243 filii,
1024 2153 1092 2229 vix
1111 2152 1223 2232 domi

68 2262 237 2358 nobiles,
261 2265 329 2344 vix
349 2262 424 2343 suis
445 2265 528 2344 noti
548 2264 666 2344 licere
686 2263 755 2342 fibi
776 2263 1025 2344 crediderint.
1083 2264 1222 2344 Memi-

67 2375 172 2570 Ξέζιε
191 2405 276 2486 quae
297 2394 335 2456 te
360 2403 430 2456 non
444 2372 569 2482 saltim
591 2375 683 2456 libri
693 2375 820 2483 stacri,
835 2375 913 2482 sed
932 2374 1042 2455 etiam
1063 2376 1226 2485 Lyricus

132 2507 226 2568 eat:

299 2674 357 2686 -
375 2625 493 2706 Valet
511 2625 593 2705 ima
613 2623 777 2704 summis

242 2739 420 2832 Mutare,
440 2756 481 2818 et
499 2738 691 2846 infignem
711 2753 887 2817 attenuat
911 2736 1023 2815 Deus

246 2849 424 2931 Obscura
443 2877 644 2961 promens.
663 2897 722 2909 -

72 3053 137 3135 Sic
161 3052 273 3132 etimn
300 3047 428 3130 habeto
440 3079 455 3142 ,·
481 3077 604 3129 eorum
626 3077 713 3160 quas
732 3065 777 3128 tu
808 3044 877 3126 vix
907 3043 1039 3126 nobiles
1064 3045 1130 3155 effe
1153 3049 1224 3142 ais,

69 3166 162 3245 alios
181 3162 279 3244 nulli
293 3161 502 3270 vestrarum
520 3161 691 3272 partium
714 3158 780 3240 vel
789 3157 937 3265 generis
955 3157 1144 3239 nobilitate
1167 3187 1225 3240 ce-

71 3277 174 3370 dere,
197 3275 289 3356 alios
311 3302 357 3353 ex
371 3273 546 3380 senatos
566 3290 638 3383 per
664 3270 879 3379 industriam
905 3288 1018 3380 atque
1042 3271 1225 3352 virtutem

71 3389 128 3471 ad
141 3416 274 3469 veram
292 3385 516 3466 nobilitatem
540 3386 613 3465 iter
635 3385 830 3494 ‹ffettarm
856 3401 992 3464 etcum
1012 3382 1226 3489 nobiltfflmis

71 3500 269 3612 quibusque
294 3495 389 3608 poffie
417 3496 584 3607 conferri
595 3527 609 3589 ;
624 3500 672 3603 st
701 3515 824 3576 autem
848 3495 957 3574 malle
987 3493 1088 3574 filios
1118 3513 1227 3576 terrae

72 3614 162 3707 dici,
176 3609 383 3717 modbsttae,
399 3627 436 3691 et
454 3609 707 3718 damislrenue
720 3607 874 3718 facere,
894 3603 1096 3715 qudmſsne
1114 3609 1225 3687 terrd

73 3748 112 3806 et
136 3727 218 3805 lare
232 3723 363 3831 fumos
386 3719 586 3816 vendendo,
616 3718 713 3831 quod
730 3739 774 3801 tu
789 3719 913 3827 sacis,
938 3720 1037 3798 hamo
1061 3718 1170 3798 nihili
1189 3739 1227 3800 et

59 3836 290 3946 stramineus
308 3864 426 3944 eques,
446 3834 484 3914 in
503 3833 624 3917 aliena
640 3850 747 3913 terra
762 3830 982 3912 dominorum
998 3850 1092 3910 nutu
1107 3850 1144 3911 et
1150 3833 1226 3942 sli-

67 3947 351 4059 pendiosamcm
369 3946 556 4027 tolerare:
586 3945 634 4026 ab
655 3945 737 4054 ista,
758 3941 985 4036 mihicrede,
1004 3947 1227 4051 peregrina-

72 4063 173 4142 tione
187 4060 242 4141 ad
254 4077 411 4166 agnatos
427 4056 553 4169 potiris
579 4077 616 4138 et
630 4056 788 4164 gentiles
808 4053 1046 4149 deducendus,
1075 4056 1144 4161 nist
1163 4061 1228 4138 boc

75 4203 190 4254 unum
210 4172 379 4280 saperes,
409 4170 506 4281 quad
515 4169 689 4278 frivolas
716 4167 887 4279 quastlam
910 4167 1164 4278 praelectiones
1191 4186 1229 4250 et

75 4302 302 4394 nugamenta
319 4283 399 4394 scis
427 4284 541 4363 tantd
567 4281 728 4363 mercede
757 4279 860 4389 apud
886 4299 1028 4360 exteras
1060 4280 1225 4390 effutire.

77 4395 328 4509 Reprehendis
339 4394 437 4505 qubd
443 4395 682 4504 magistratus
693 4393 808 4503 nostri
819 4392 1033 4472 colluviem
1045 4395 1228 4474 omnium

78 4513 283 4592 senarum
302 4509 517 4616 recipiant;
549 4505 640 4616 quid
658 4506 700 4586 ni
721 4503 939 4613 recipiant?
968 4533 1055 4612 quos
1077 4507 1232 4612 ecclestae

76 4623 164 4733 est)
183 4639 283 4703 coetu
296 4619 468 4730 fidelium
484 4617 627 4725 eJ‘icerc,
647 4648 716 4700 non
735 4617 1018 4726 magssratuum
1038 4616 1057 4695 l
1076 4617 1233 4696 civitate

69 4735 238 4845 pellere,·
255 4731 438 4844 stquidem
457 4732 495 4813 in
515 4733 609 4840 leges
631 4730 760 4814 civiles
773 4759 853 4844 *nan
866 4745 1040 4839 peceant.
1101 4727 1232 4810 Primb
