2888 5204
142 217 220 297 3¹0
411 179 502 269 Pro
528 169 713 305 Populo
740 165 1013 300 Anglicano

142 355 287 436 leribus
325 372 365 433 et
412 352 586 433 infamiis
618 370 722 431 totus
757 350 910 458 flagras,
944 347 1010 428 his
1045 366 1090 427 tu
1125 342 1269 425 flammis

143 467 348 547 furialibus
361 467 444 545 dies
456 483 573 574 atque
586 464 718 543 nostes
732 462 903 555 torreris,
917 460 1065 568 dasque
1082 457 1192 538 nobis
1204 480 1271 565 pu-

144 608 210 658 nas
229 577 373 687 quibus
392 579 587 686 graviores
605 576 816 684 imprecari
834 574 908 654 tibi
926 572 1063 653 nullus
1082 568 1200 651 hostis
1217 593 1274 676 po·

145 690 230 770 test.
275 691 349 770 Me
365 691 524 770 interim
540 689 874 769 concremationes
888 685 1024 766 vestrae
1042 710 1126 765 non
1140 683 1278 770 taedunu

147 831 226 882 non
243 821 423 909 tangunt,
438 820 478 881 et
493 801 572 882 istis
588 800 819 908 ignominiis
837 797 965 879 habeo
984 795 1280 907 compluraque

145 942 347 1024 opponam
359 933 467 1022 grata
483 941 574 994 meo
589 915 723 992 animo
737 929 855 1019 atque
868 910 1062 1017 jucunda.
1125 909 1216 986 Una
1228 930 1282 983 me

145 1029 268 1121 curia,
293 1055 393 1106 unus
423 1025 523 1106 sorte
546 1025 660 1105 lictor
687 1024 917 1117 Parisrensrs,
942 1021 1146 1101 malarum
1166 1018 1284 1099 avium

148 1139 334 1248 impulsu,
354 1137 586 1231 combuffit;
614 1155 654 1215 at
667 1136 953 1246 quamplurimi
967 1161 1041 1243 per
1056 1150 1183 1214 totam
1198 1126 1284 1209 Gal·

147 1251 242 1332 liam
255 1253 328 1331 viri
341 1252 434 1331 boni
455 1249 689 1358 atquedosti
701 1246 826 1328 nihilo
838 1248 970 1326 minus
983 1245 1144 1352 legunt,
1156 1268 1285 1353 appro-

147 1362 256 1457 bant,
281 1363 598 1472 amplesluntur?
629 1388 749 1469 quam
772 1359 935 1469 plurimi
958 1385 1032 1466 per
1056 1353 1285 1437 immensum

149 1474 372 1553 Germaniae
391 1475 509 1554 totius
522 1476 706 1566 tractum,
723 1472 911 1552 libertatis
929 1468 1012 1550 fere
1027 1467 1286 1559 domicilium,

148 1614 219 1694 per
233 1605 385 1665 caeteras
405 1613 563 1693 quoque
579 1587 772 1692 regiones,
789 1584 1023 1693 quicunque
1039 1580 1126 1686 ejus
1140 1578 1286 1686 vestigia
1320 1640 1322 1651 .

149 1697 228 1776 ulla
248 1698 376 1780 adhuc
395 1717 571 1791 manent,
583 1699 682 1805 quin
697 1716 737 1777 et
750 1695 831 1805 ipsa
847 1695 1012 1791 Gracia,
1030 1693 1125 1804 ipsae
1135 1691 1287 1773 Athene
1320 1702 1322 1777 i

148 1811 305 1902 Atticae,
339 1808 445 1918 quasr
471 1808 555 1914 jam
582 1809 777 1901 redivivae,
806 1806 1033 1887 nobiliffimi
1060 1805 1213 1885 alumni
1240 1801 1287 1882 sui
1320 1820 1322 1837 '

149 1920 314 2002 Philarae
331 1950 442 2017 voce,
463 1922 703 2030 applausere.
762 1921 857 2000 Hoc
881 1920 1001 1999 etiam
1025 1916 1120 1998 verb
1150 1915 1287 2026 possum

148 2034 292 2128 dicere,
310 2062 390 2142 quo
405 2033 581 2144 primum
602 2052 779 2142 tempore
796 2033 924 2112 nostra
935 2028 1126 2110 Defensio
1147 2029 1202 2110 est
1213 2027 1287 2109 edi·

151 2165 203 2240 ta,
217 2167 256 2225 et
268 2146 486 2255 legentium
505 2145 628 2226 studia
641 2146 851 2239 incaluere,
866 2144 1022 2223 nullum
1033 2142 1097 2221 vel
1112 2139 1287 2252 principis

149 2258 213 2338 vel
229 2259 396 2338 civitatis
417 2258 593 2363 legatum
613 2260 654 2337 in
675 2258 771 2337 urbe
791 2276 880 2337 tum
899 2255 1025 2348 suiffe,
1047 2256 1119 2362 qui
1141 2281 1219 2334 non
1234 2249 1288 2331 tel

151 2366 250 2450 sorte
264 2371 382 2451 obvio
398 2369 499 2449 mihi
515 2370 789 2477 gratularetur,
802 2369 866 2448 vel
881 2385 1123 2448 conventum
1139 2365 1241 2476 apud
1257 2362 1287 2442 se

150 2501 312 2589 cuperet
330 2483 392 2559 vel
412 2482 521 2561 domi
539 2482 731 2561 inviseret.
789 2482 901 2560 Tuos
913 2478 1007 2559 verb
1018 2477 1129 2559 nefas
1141 2478 1190 2558 fit
1203 2504 1288 2587 pra·

150 2596 264 2672 terire
300 2622 449 2687 manes,
480 2594 654 2674 Adriane
688 2595 813 2687 Pawi,
846 2595 915 2700 qui
954 2592 1105 2699 legatus
1141 2591 1190 2669 ad
1227 2615 1287 2667 nos

151 2704 307 2784 summo
330 2734 423 2785 cum
450 2705 598 2784 honore
623 2705 769 2799 missus,
794 2704 1019 2785 Hollandiae
1042 2704 1164 2784 decus
1183 2719 1287 2809 atque

150 2838 442 2911 ornamentum,
460 2818 654 2897 summam
671 2819 712 2897 in
729 2846 794 2897 me
810 2846 854 2897 ac
875 2816 1110 2923 fingularem
1129 2815 1289 2894 benevo·
1320 2828 1322 2833 '

151 2928 313 3008 lentiam
341 2951 464 3023 tuam,
499 2931 647 3010 etiamst
678 2930 809 3010 videre
843 2957 1046 3038 nunquam
1073 2927 1288 3034 contigerit,

152 3043 288 3122 multis
309 3042 402 3151 saepe
418 3043 564 3122 nuntiis
577 3041 868 3150 significandam
884 3041 1037 3121 curasti.
1098 3040 1194 3119 Hoc
1206 3036 1286 3116 verb
1319 3058 1322 3153 j

152 3155 272 3234 etiam
293 3154 425 3264 saepius
449 3156 618 3234 recolere
640 3155 970 3261 memoriajuvat,
992 3152 1100 3262 quod
1120 3152 1199 3231 fine
1219 3150 1287 3231 Dei
1320 3162 1322 3225 i

152 3268 325 3376 propitio
338 3267 501 3345 numine
517 3266 690 3345 accidere
706 3266 873 3347 arbitror
886 3292 1091 3372 nunquam
1107 3262 1285 3373 potuisse:
1319 3284 1322 3359 ξ

152 3378 269 3471 mihi,
285 3381 354 3486 qui
373 3399 508 3458 contra
524 3406 648 3486 reges,
661 3399 705 3457 ut
721 3379 939 3472 videbatur,
955 3375 1197 3486 scripseram,
1216 3400 1287 3455 ma·
1319 3388 1322 3443 ἑ

146 3486 328 3594 jestatem
349 3490 471 3599 ipsam
489 3492 638 3598 regiam
658 3489 809 3598 placide
829 3489 1025 3571 annuisse:
1047 3515 1223 3596 meaeque
1238 3489 1287 3565 in·

153 3604 341 3707 tegritati,
364 3630 436 3682 nec
456 3631 535 3682 non
555 3602 764 3695 sententiae,
787 3622 831 3682 ut
850 3602 1006 3693 veriori,
1028 3601 1287 3680 testimonium
1320 3614 1322 3665 ἰ

152 3712 286 3793 divino
318 3717 548 3822 proximum
578 3714 826 3823 perhibuisse.
887 3713 998 3824 Qid
1028 3713 1139 3793 enim
1167 3733 1287 3791 verear

152 3823 230 3904 hoc
257 3826 402 3919 dicere,
438 3828 591 3934 quoties
627 3826 936 3934 augustissimam
966 3826 1145 3932 reginam
1176 3825 1287 3910 illam,

152 3939 307 4042 quantis
320 3966 413 4018 cum
428 3940 607 4019 laudibus
622 3939 660 4017 in
674 3967 741 4017 ore
754 3939 936 4017 omnium
949 3937 1135 4030 versetur,
1142 3958 1288 4015 mecum

151 4051 298 4157 cogito.
331 4048 818 4157 EquidemAtheniensem
834 4048 1288 4157 illumsapientiffimum

151 4163 216 4240 cui
237 4191 301 4241 me
324 4182 454 4241 tamen
475 4189 553 4240 non
574 4161 749 4256 confero,
775 4191 822 4240 ne
844 4161 959 4270 ipsius
978 4161 1145 4270 quidem
1165 4155 1288 4269 Pythii

152 4273 389 4367 testimonio,
406 4271 527 4382 quam
541 4303 605 4352 me
624 4275 728 4354 illius
743 4275 896 4380 judicio
909 4274 1150 4353 ornatiorem
1165 4270 1286 4352 existi-

151 4414 272 4466 mem.
307 4388 426 4502 Qod
444 4388 471 4465 s1
492 4384 592 4466 mihi
607 4389 768 4493 quidem
791 4384 872 4466 haec
889 4385 1052 4465 scribere
1067 4379 1289 4466 adolescenti
