2888 5204
146 243 224 323 34²
385 200 610 301 Authoris
635 239 721 337 pro
744 201 789 300 se
816 199 1050 300 Defensio

144 378 301 487 largiar,
321 406 400 458 non
418 379 492 460 effe
511 400 551 460 te
570 379 687 486 hujus
705 379 846 474 libelli,
865 381 937 490 qui
956 381 1089 489 Regii
1108 379 1290 489 sanguinis

144 490 294 571 clamor
320 491 556 588 inscribitur,
580 491 814 586 authorem3
844 511 886 573 et
910 511 1067 588 tamen,
1089 494 1200 603 quod
1218 492 1291 599 jam

145 600 304 682 forfitan
323 607 519 713 expectas,
539 632 619 684 non
645 604 697 684 sic
723 604 861 685 abibis.
921 604 1097 687 Constat
1117 605 1189 687 iste
1206 604 1293 685 liber

145 731 186 791 et
218 735 517 823 coagmentatur
551 718 754 827 prooemiis
780 714 1019 825 quibusdam
1049 736 1096 798 et
1124 716 1292 827 epilogis,

146 826 324 933 Epistolrl
346 828 395 907 ad
417 829 622 922 Carolum,
642 829 762 909 alteral
787 828 836 908 ad
855 831 1089 924 Ledorem,
1110 830 1294 910 clauditur

145 939 333 1032 carmine,
353 940 476 1019 altero
503 943 544 1020 in
564 941 795 1021 Salmafium
815 940 1094 1049 Eucharssico,
1115 942 1237 1023 altero
1259 942 1292 1021 in

146 1076 213 1127 me
243 1050 531 1132 diffamatorio:
568 1053 596 1131 fi
622 1052 746 1133 ullam
771 1049 888 1158 hujus
914 1052 1010 1132 libri
1040 1050 1293 1163 paginam

146 1161 381 1243 verticulum
408 1162 510 1243 sorte
535 1166 700 1244 unicum
727 1162 908 1273 scripsisse
930 1182 1002 1244 aut
1030 1162 1292 1259 contulisset

146 1273 320 1369 edidisse,
332 1296 400 1356 aut
412 1277 643 1384 procurasse,
654 1296 722 1356 aut
740 1276 901 1371 sualiffe,
915 1274 944 1355 fi
958 1276 1141 1386 denique
1156 1274 1293 1357 edendo

146 1384 351 1492 praelirisle,
375 1407 443 1467 aut
461 1387 524 1466 vel
548 1417 675 1498 operae
698 1386 897 1469 tantillum
921 1388 1238 1470 accommodatis
1260 1404 1292 1467 te

147 1525 341 1605 reperero,
361 1500 684 1607 quandoquidem
704 1528 822 1581 nemo
844 1499 943 1581 alius
961 1498 1117 1595 existit,
1140 1520 1185 1581 tu
1203 1496 1292 1581 mibi

145 1607 247 1687 solus
266 1611 387 1689 totius
406 1612 535 1720 operis
562 1640 665 1706 reus,
684 1631 724 1691 et
747 1606 902 1705 author,
923 1630 963 1690 et
988 1610 1190 1693 clamator
1212 1612 1289 1693 eris.

146 1720 294 1828 Neque
313 1720 408 1801 verb
426 1750 559 1804 meam
585 1720 687 1804 hanc
713 1723 972 1817 severitatem,
992 1743 1063 1804 aut
1082 1722 1291 1806 vehemen·
1323 1778 1325 1787 ·

147 1850 229 1910 tem
253 1833 434 1915 animum
464 1835 538 1914 elle
566 1835 739 1932 dixeris3
776 1836 882 1915 idem
910 1835 1016 1944 apud
1047 1863 1193 1917 omnes
1221 1833 1290 1915 sere
1322 1896 1325 1941 3

144 1963 281 2050 gentes
306 1945 395 2051 jure
420 1964 460 2025 et
486 1948 708 2055 aequiffimis
739 1947 893 2055 legibus
918 1946 976 2027 est
1003 1965 1288 2059 comparatum.
1322 1964 1325 2005 ¹

147 2058 269 2165 Qsod
293 2057 343 2136 ab
369 2059 555 2139 omnibus
580 2059 887 2170 receptiffimum
909 2058 980 2153 est,
1002 2058 1219 2154 adducam,
1235 2059 1290 2167 jus
1322 2090 1324 2123 ι

145 2169 261 2248 civile
283 2170 602 2279 Imperatorium.
1321 2134 1324 2235 l

163 2342 308 2452 Legito
326 2343 495 2427 Institut.
516 2344 741 2450 Justiniani,
761 2343 789 2424 l.
811 2370 850 2448 4.
871 2343 919 2424 de
938 2342 1108 2451 injuriis,
1130 2346 1218 2425 Tit.
1237 2370 1273 2447 4.
1321 2280 1324 2425 l

203 2505 333 2694 Sirpluis
352 2507 400 2586 ad
419 2505 625 2586 infamiam
644 2506 808 2611 alicujus
827 2504 1022 2599 libellum,
1043 2524 1113 2585 aut
1138 2528 1287 2586 carmen
1321 2530 1324 2539 ’

146 2615 232 2720 (aut
285 2617 475 2725 istoriam)
497 2619 703 2728 scripserit,
722 2617 1000 2726 composuerit,
1018 2617 1206 2712 ediderit,
1225 2617 1287 2696 do·

145 2725 231 2807 ldve
252 2728 357 2809 malo
377 2728 526 2824 fecerit,
548 2758 628 2839 quo
647 2730 743 2838 quid
767 2756 904 2810 eorum
929 2728 1053 2823 fieret,
1074 2731 1152 2811 dcc.
1211 2727 1287 2809 Ad-

137 2839 282 2945 jiciunt
310 2841 393 2921 aliae
423 2841 553 2949 leges3
596 2841 756 2946 Etiamst
777 2841 934 2922 alterius
958 2840 1098 2921 nomine
1125 2838 1285 2932 ediderit,

143 2954 210 3033 uel
220 2953 306 3059 stne
332 2953 481 3033 nomine.
541 2956 595 3036 Et
621 2982 757 3035 omnes
781 2955 997 3034 decernunt
1015 2980 1111 3032 eum
1131 2981 1208 3062 pro
1225 2980 1286 3033 au·

143 3064 255 3145 thore
290 3062 516 3144 habendum
547 3066 621 3145 esse
660 3085 777 3174 atque
811 3064 1078 3174 plectendum.
1150 3067 1285 3173 Qaero

144 3205 248 3256 nunc
272 3205 321 3255 ex
351 3196 403 3271 te,
428 3204 505 3256 non
534 3175 669 3257 utrism
695 3178 815 3283 Regii
842 3176 1036 3283 sanguinis
1059 3175 1283 3266 clamorem,

143 3289 207 3367 sed
225 3316 272 3367 an
294 3289 523 3397 praemissam
540 3290 704 3369 clamori
718 3288 923 3398 epistolam
939 3288 1085 3368 Carolo
1106 3287 1281 3378 dicatam,

142 3397 312 3479 ulldmve
336 3400 418 3507 ejus
444 3402 679 3509 particulam
706 3400 858 3494 feceris,
879 3398 1085 3509 scripseris,
1106 3399 1280 3488 edideris,

140 3509 379 3591 edendaimve
395 3515 616 3592 curaveris?
636 3540 766 3621 quaero
783 3541 831 3591 an
846 3512 1008 3592 alteram
1023 3512 1071 3590 ad
1088 3511 1279 3600 ledorem,

141 3649 271 3729 quaero
297 3623 467 3731 denique
492 3652 541 3703 an
569 3625 668 3703 illud
694 3622 841 3704 infame
866 3651 1025 3704 carmen
1052 3622 1278 3712 condideris,

141 3753 208 3812 aut
227 3734 470 3839 vulgandum
488 3738 709 3816 curaveris?
739 3734 938 3815 nihildum
961 3735 1009 3814 ad
1029 3734 1113 3815 haec
1133 3733 1277 3843 respon·

139 3844 256 3938 disti;
300 3844 327 3923 fi
359 3846 573 3927 clamorem
602 3847 730 3957 ipsum
759 3848 1034 3928 tantummodo
1065 3844 1275 3932 abdicalles,

138 3953 380 4063 omnquue
399 3958 481 4063 ejus
510 3961 744 4067 particulam
770 3961 948 4067 gnaviter
976 3957 1168 4063 ejurasses,
1190 3955 1277 4035 salva

138 4069 215 4149 fide
250 4068 401 4147 evasisse
435 4089 471 4148 te
504 4072 680 4178 putabas,
714 4070 858 4181 ndsque
891 4068 1013 4179 probb
1048 4066 1274 4156 ludificasle3

137 4182 355 4291 Epistolam
369 4181 552 4262 videlicet
567 4184 615 4263 ad
632 4184 822 4264 Carolum
841 4182 985 4276 filium,
997 4200 1065 4261 aut
1078 4181 1129 4260 ad
1145 4183 1276 4262 ledo

136 4322 236 4387 rem,
262 4321 419 4375 carmen
450 4295 570 4374 etiam
590 4296 798 4401 Jambum,
825 4296 946 4402 Regii
976 4293 1176 4402 sanguinis
1206 4292 1277 4372 cla·

136 4432 290 4486 morem
310 4433 388 4487 non
408 4406 495 4488 elle.
555 4407 622 4487 Tu
643 4408 775 4516 itaque
800 4409 850 4488 fic
871 4407 1041 4487 breviter
1061 4403 1219 4499 habet0,
1236 4427 1277 4482 ne
