2888 5204
138 205 218 281 42²
352 158 577 256 Authoris
602 158 661 255 ad
686 156 945 255 Alexandri
970 158 1108 251 Mori

140 340 373 422 criminibus
389 337 601 431 accusatus,
614 332 710 416 ciun
726 337 774 416 de
790 355 829 416 te
844 333 1032 415 homines
1049 333 1204 441 ubique
1216 331 1280 441 pes·

141 452 235 533 sime
256 447 951 562 loquerentur,commendationibus
976 447 1157 526 totidem
1175 445 1281 525 sanare

141 567 209 645 illa
229 565 390 644 vulnera
409 562 514 672 posse
535 581 573 641 te
591 561 845 640 existimasti?
876 560 986 667 atqui
1000 558 1117 638 vides
1137 585 1216 666 quo
1232 556 1281 636 sa·

143 680 231 786 pius
256 705 306 755 ex
337 676 441 756 mala
460 674 682 754 valetudine
709 674 756 753 ad
785 675 942 751 inanem
967 671 1229 764 medicinam,
1244 694 1282 748 er

143 791 252 868 novis
285 787 488 868 maleficiis
518 807 558 866 et
591 785 814 866 rumoribus
839 784 928 863 inde
960 784 1067 862 natis
1102 785 1155 861 ad
1185 804 1282 861 novas

145 899 336 1010 perpetub
364 900 725 979 commendationes
753 897 931 990 recurris,
952 923 1094 975 earum
1124 892 1283 974 authori-

146 1033 268 1092 tatem
288 1012 336 1091 eb
356 1012 508 1121 semper
528 1013 724 1090 minorem
748 1010 814 1089 abs
835 1027 872 1087 te
893 1009 1003 1087 reddi
1030 1027 1156 1114 atque
1182 1006 1284 1085 indier

145 1125 358 1204 leviorem:
389 1143 572 1230 aegrotare
605 1124 796 1202 nimirum
824 1119 1168 1227 existimationem
1195 1138 1284 1197 mam

145 1257 185 1317 et
219 1236 539 1316 morbosrffimam
571 1234 661 1329 esse,
681 1264 767 1344 quae
801 1253 860 1313 tot
889 1232 1214 1341 purgationibus,
1242 1246 1285 1309 tot

147 1350 444 1429 medicamentis
480 1349 655 1453 indigeat
692 1347 1088 1426 commendationum
1129 1345 1220 1451 quis
1245 1340 1287 1421 esi

146 1462 241 1570 quin
263 1461 506 1569 suspicetur?
564 1460 639 1539 Sed
667 1456 824 1539 fortasse
846 1458 1084 1565 longinquas
1116 1458 1161 1535 in
1191 1454 1286 1535 urbes

145 1574 485 1681 quemadmodum
497 1573 694 1681 praedicas,
709 1571 756 1650 ad
772 1568 1028 1650 Profeffiones
1043 1567 1287 1677 amplissimas

145 1683 312 1793 persaepi:
329 1685 530 1777 invitatus,
544 1680 620 1763 hoc
634 1704 671 1764 te
685 1684 791 1791 quasi
806 1699 1003 1773 comeatu,
1017 1682 1096 1759 iter
1113 1679 1287 1770 facturus,

145 1796 374 1877 instruxisti.
441 1795 634 1905 Optime:
666 1824 797 1904 quaero
815 1796 946 1901 itaque
972 1820 1021 1872 an
1043 1791 1290 1903 proficisciiu

147 1911 281 1990 animo
302 1908 374 1987 tibi
395 1907 516 1988 suerit
537 1908 585 1987 ad
610 1936 675 1987 eos
695 1905 877 1988 homines
898 1905 967 2013 qui
987 1923 1024 1983 te
1045 1904 1289 2013 ignorassent,
1324 1882 1327 1923 ¹

26 2028 33 2035 ’
146 2050 194 2100 an
218 2024 288 2129 qui
317 2020 403 2100 satis
434 2021 611 2100 nossent?
642 2022 669 2099 fi
700 2020 749 2098 ad
781 2020 883 2110 illos,
909 2016 1094 2096 venustus
1120 2014 1289 2127 profedb

147 2130 270 2212 homo
291 2131 436 2211 neceffe
456 2134 512 2211 est
532 2131 603 2210 tibi
623 2130 758 2226 fueris,
770 2133 840 2240 qui
859 2130 907 2210 ab
926 2130 1004 2209 illis
1019 2129 1237 2208 invitatum
1252 2128 1291 2206 iri

148 2263 185 2323 te
206 2273 382 2354 unquam
402 2245 627 2336 credideris,
640 2244 710 2352 qui
732 2263 769 2323 te
788 2242 1045 2351 ignorassent:
1081 2243 1123 2320 Si
1144 2241 1195 2320 ad
1214 2239 1290 2331 hos,

147 2358 274 2465 quite
298 2359 383 2464 jam
404 2357 490 2436 satis
518 2376 670 2454 norant,
691 2357 787 2463 quid
813 2354 891 2434 hoc
915 2372 1022 2433 tanto
1040 2353 1291 2433 commenda·

149 2470 301 2547 tionum
324 2468 582 2547 instrumento
602 2496 647 2547 ac
664 2467 807 2547 sarcind
826 2467 874 2546 ad
894 2494 958 2546 eos
978 2494 1080 2574 opus
1095 2485 1197 2559 erat,
1210 2466 1291 2574 qui·

149 2579 220 2658 bus
234 2579 318 2683 jam
339 2577 450 2658 antea
465 2580 890 2660 commendatissimum
908 2597 946 2657 te
965 2578 1038 2656 esse
1059 2605 1113 2657 ex
1133 2606 1184 2656 eo
1204 2575 1292 2687 ipso,

148 2690 256 2799 qubd
287 2691 521 2785 invitassent,
554 2692 709 2771 sciebas.
782 2690 1038 2799 Perspicuum
1069 2692 1199 2797 igitur
1231 2689 1292 2780 est,

148 2803 299 2882 nullam
326 2803 377 2882 ob
410 2832 493 2882 rem
525 2804 658 2897 aliam,
690 2821 837 2883 tantam
867 2805 949 2882 vim
981 2801 1292 2882 testimoniorum

148 2917 514 2995 commendatitiam
552 2916 602 2994 fic
642 2936 679 2995 te
719 2914 885 2995 studiose
919 2913 1147 3022 congeffiffe
1189 2934 1229 2993 et
1258 2915 1294 2990 in

148 3049 338 3137 promptu
359 3028 511 3135 semper
536 3025 724 3120 habuisse,
745 3028 814 3106 nist
834 3026 896 3105 vel
923 3026 970 3106 ad
996 3026 1294 3106 ostentationem

149 3142 347 3248 quandam
373 3140 675 3229 circulatoriam,
704 3140 899 3247 adquam
928 3157 1053 3218 artem
1081 3136 1236 3218 fastum
1263 3155 1295 3215 te

148 3251 343 3360 praecipub
364 3270 480 3360 atque
502 3271 638 3331 natum
657 3252 929 3344 existimarim,
950 3250 1013 3329 vel
1035 3250 1295 3358 impendentis

150 3365 378 3469 ignominiae
409 3383 533 3457 metu,
563 3391 683 3471 quam
714 3391 763 3442 ex
793 3363 950 3469 flagitiis
980 3361 1161 3441 nondum
1193 3380 1296 3470 pate·

149 3474 259 3554 factis
272 3477 521 3555 certissimam
539 3477 610 3554 tibi
625 3475 868 3583 expedabas.
928 3475 987 3552 Ut
1003 3473 1169 3553 haberes
1181 3474 1295 3553 nimi·

149 3614 238 3664 rum
257 3586 474 3693 speciosum
494 3588 642 3695 aliquid
664 3607 704 3666 et
724 3586 929 3694 publicum
950 3605 989 3665 et
1008 3585 1102 3665 soris
1124 3605 1292 3694 parturn,

149 3697 256 3803 quod
273 3700 430 3802 privatae
442 3720 558 3808 atque
571 3700 792 3778 domesticae
806 3718 845 3778 et
860 3699 1085 3805 erumpenti
1101 3699 1295 3777 interdum

149 3835 199 3886 ex
221 3807 376 3887 latebris
396 3839 613 3918 opponeres
634 3809 826 3904 insamiae3
859 3830 979 3915 utque
1001 3810 1220 3890 Procerum
1242 3828 1296 3888 at·

149 3948 226 4028 que
248 3921 469 3999 Dostorum
491 3922 699 4029 splendidis
725 3923 956 4002 testimoniis
976 3922 1017 3999 in
1037 3921 1186 4029 quibus
1205 3948 1293 4001 con·

149 4032 352 4141 sequendis
372 4035 495 4139 gratia
514 4054 631 4141 atque
651 4035 816 4114 ambitio
837 4061 940 4112 nunc
968 4031 1048 4113 fere
1078 4035 1295 4142 plurimum

150 4145 318 4250 possunt,
345 4166 479 4224 contra
509 4147 648 4254 populi
673 4175 781 4226 veras
806 4173 920 4226 voces
951 4165 987 4224 te
1016 4147 1294 4224 communires.

151 4254 302 4335 Verirm
325 4258 393 4337 ista
423 4278 459 4338 te
490 4258 587 4366 spes,
610 4278 654 4337 ut
679 4261 778 4351 dixi,
800 4278 839 4336 et
864 4258 1040 4338 frustrata
1060 4257 1147 4363 jam
1176 4250 1245 4352 est,
1265 4274 1297 4334 et

146 4365 417 4464 frustrabitur3
447 4367 542 4450 cbm
559 4372 650 4479 quia
668 4390 777 4452 tuam
798 4371 984 4479 obtegere
1004 4369 1296 4478 improbitatem
