<?xml version="1.0" encoding="UTF-8"?>
<!DOCTYPE html PUBLIC "-//W3C//DTD XHTML 1.0 Transitional//EN"
    "http://www.w3.org/TR/xhtml1/DTD/xhtml1-transitional.dtd">
<html xmlns="http://www.w3.org/1999/xhtml" xml:lang="en" lang="en">
 <head>
  <title>
</title>
<meta http-equiv="Content-Type" content="text/html;charset=utf-8" />
  <meta name='ocr-system' content='tesseract 3.04.00' />
  <meta name='ocr-capabilities' content='ocr_page ocr_carea ocr_par ocr_line ocrx_word'/>
</head>
<body>
  <div class='ocr_page' id='page_1' title='image "./worksjohnmilton07miltgoog_0212.png"; bbox 0 0 796 1583; ppageno 0'>
   <div class='ocr_carea' id='block_1_1' title="bbox 269 295 652 330">
    <p class='ocr_par' dir='ltr' id='par_1_1' title="bbox 269 295 652 330">
     <span class='ocr_line' id='line_1_1' title="bbox 269 295 652 330; baseline 0.003 -10"><span class='ocrx_word' id='word_1_1' title='bbox 269 295 405 330; x_wconf 82' lang='lat' dir='ltr'>Responsio,</span> <span class='ocrx_word' id='word_1_2' title='bbox 417 303 462 321; x_wconf 78' lang='lat' dir='ltr'>etc.</span> <span class='ocrx_word' id='word_1_3' title='bbox 616 307 639 327; x_wconf 88' lang='lat'>¹9</span> <span class='ocrx_word' id='word_1_4' title='bbox 642 307 652 327; x_wconf 83' lang='lat'>5</span> 
     </span>
    </p>
   </div>
   <div class='ocr_carea' id='block_1_2' title="bbox 68 339 653 1376">
    <p class='ocr_par' dir='ltr' id='par_1_2' title="bbox 68 339 653 1208">
     <span class='ocr_line' id='line_1_2' title="bbox 73 339 652 368; baseline 0.002 -9"><span class='ocrx_word' id='word_1_5' title='bbox 73 339 146 366; x_wconf 70' lang='lat' dir='ltr'>Itaque</span> <span class='ocrx_word' id='word_1_6' title='bbox 156 339 206 360; x_wconf 87' lang='lat' dir='ltr'>nihil</span> <span class='ocrx_word' id='word_1_7' title='bbox 215 339 248 360; x_wconf 73' lang='lat' dir='ltr'>hic</span> <span class='ocrx_word' id='word_1_8' title='bbox 256 340 338 367; x_wconf 84' lang='lat' dir='ltr'>reperio,</span> <span class='ocrx_word' id='word_1_9' title='bbox 347 347 381 360; x_wconf 81' lang='lat' dir='ltr'>cur</span> <span class='ocrx_word' id='word_1_10' title='bbox 390 347 428 360; x_wconf 92' lang='lat' dir='ltr'>non</span> <span class='ocrx_word' id='word_1_11' title='bbox 439 341 504 360; x_wconf 85' lang='lat' dir='ltr'>amico</span> <span class='ocrx_word' id='word_1_12' title='bbox 513 341 577 360; x_wconf 86' lang='lat' dir='ltr'>nostro</span> <span class='ocrx_word' id='word_1_13' title='bbox 586 345 652 368; x_wconf 84' lang='lat' dir='ltr'>gratu-</span> 
     </span>
     <span class='ocr_line' id='line_1_3' title="bbox 72 366 652 390; baseline 0.002 -3"><span class='ocrx_word' id='word_1_14' title='bbox 72 366 148 390; x_wconf 75' lang='lat' dir='ltr'>lemur,</span> <span class='ocrx_word' id='word_1_15' title='bbox 161 368 275 388; x_wconf 74' lang='lat' dir='ltr'>Salmnfium</span> <span class='ocrx_word' id='word_1_16' title='bbox 283 368 330 388; x_wconf 71' lang='lat' dir='ltr'>false</span> <span class='ocrx_word' id='word_1_17' title='bbox 338 368 442 389; x_wconf 80' lang='lat' dir='ltr'>rideamus.</span> <span class='ocrx_word' id='word_1_18' title='bbox 473 369 546 388; x_wconf 88' lang='lat' dir='ltr'>Annon</span> <span class='ocrx_word' id='word_1_19' title='bbox 558 368 599 388; x_wconf 84' lang='lat' dir='ltr'>haec</span> <span class='ocrx_word' id='word_1_20' title='bbox 609 368 652 389; x_wconf 83' lang='lat' dir='ltr'>satis</span> 
     </span>
     <span class='ocr_line' id='line_1_4' title="bbox 73 394 651 422; baseline 0.002 -7"><span class='ocrx_word' id='word_1_21' title='bbox 73 394 100 415; x_wconf 77' lang='lat' dir='ltr'>ad</span> <span class='ocrx_word' id='word_1_22' title='bbox 110 396 231 422; x_wconf 80' lang='lat' dir='ltr'>arguendam</span> <span class='ocrx_word' id='word_1_23' title='bbox 242 396 302 416; x_wconf 53' lang='lat' dir='ltr'>cau&amp;</span> <span class='ocrx_word' id='word_1_24' title='bbox 312 401 349 416; x_wconf 81' lang='lat' dir='ltr'>tuae</span> <span class='ocrx_word' id='word_1_25' title='bbox 360 396 470 417; x_wconf 83' lang='lat' dir='ltr'>foeditatem</span> <span class='ocrx_word' id='word_1_26' title='bbox 480 396 518 416; x_wconf 89' lang='lat' dir='ltr'>visa</span> <span class='ocrx_word' id='word_1_27' title='bbox 528 396 584 416; x_wconf 80' lang='lat' dir='ltr'>sunt?</span> <span class='ocrx_word' id='word_1_28' title='bbox 600 396 651 416; x_wconf 82' lang='lat' dir='ltr'>Mil-</span> 
     </span>
     <span class='ocr_line' id='line_1_5' title="bbox 73 424 651 452; baseline 0.002 -9"><span class='ocrx_word' id='word_1_29' title='bbox 73 427 147 443; x_wconf 84' lang='lat' dir='ltr'>tonum</span> <span class='ocrx_word' id='word_1_30' title='bbox 156 431 225 444; x_wconf 87' lang='lat' dir='ltr'>omnes</span> <span class='ocrx_word' id='word_1_31' title='bbox 235 431 281 444; x_wconf 81' lang='lat' dir='ltr'>cum</span> <span class='ocrx_word' id='word_1_32' title='bbox 293 424 359 444; x_wconf 76' lang='lat' dir='ltr'>favore</span> <span class='ocrx_word' id='word_1_33' title='bbox 370 429 390 444; x_wconf 83' lang='lat' dir='ltr'>et</span> <span class='ocrx_word' id='word_1_34' title='bbox 402 424 469 452; x_wconf 86' lang='lat' dir='ltr'>plausu</span> <span class='ocrx_word' id='word_1_35' title='bbox 482 430 500 444; x_wconf 85' lang='lat' dir='ltr'>te</span> <span class='ocrx_word' id='word_1_36' title='bbox 512 424 553 452; x_wconf 83' lang='lat' dir='ltr'>ipso</span> <span class='ocrx_word' id='word_1_37' title='bbox 565 424 612 445; x_wconf 86' lang='lat' dir='ltr'>teste</span> <span class='ocrx_word' id='word_1_38' title='bbox 623 425 651 445; x_wconf 89' lang='lat' dir='ltr'>le-</span> 
     </span>
     <span class='ocr_line' id='line_1_6' title="bbox 73 452 651 479; baseline 0 -7"><span class='ocrx_word' id='word_1_39' title='bbox 73 456 139 478; x_wconf 81' lang='lat' dir='ltr'>gunt;</span> <span class='ocrx_word' id='word_1_40' title='bbox 154 452 270 472; x_wconf 74' lang='lat' dir='ltr'>Salmafium</span> <span class='ocrx_word' id='word_1_41' title='bbox 279 452 381 479; x_wconf 82' lang='lat' dir='ltr'>abjiciunt,</span> <span class='ocrx_word' id='word_1_42' title='bbox 392 452 449 472; x_wconf 83' lang='lat' dir='ltr'>nihili</span> <span class='ocrx_word' id='word_1_43' title='bbox 457 452 538 472; x_wconf 84' lang='lat' dir='ltr'>facium.</span> <span class='ocrx_word' id='word_1_44' title='bbox 569 453 608 472; x_wconf 85' lang='lat' dir='ltr'>His</span> <span class='ocrx_word' id='word_1_45' title='bbox 618 457 651 472; x_wconf 85' lang='lat' dir='ltr'>tua</span> 
     </span>
     <span class='ocr_line' id='line_1_7' title="bbox 74 480 651 506; baseline 0.002 -7"><span class='ocrx_word' id='word_1_46' title='bbox 74 480 185 506; x_wconf 85' lang='lat' dir='ltr'>pervicacia</span> <span class='ocrx_word' id='word_1_47' title='bbox 192 480 241 501; x_wconf 65' lang='lat' dir='ltr'>adeo</span> <span class='ocrx_word' id='word_1_48' title='bbox 251 487 289 500; x_wconf 88' lang='lat' dir='ltr'>non</span> <span class='ocrx_word' id='word_1_49' title='bbox 300 485 398 504; x_wconf 87' lang='lat' dir='ltr'>movetur,</span> <span class='ocrx_word' id='word_1_50' title='bbox 409 486 431 500; x_wconf 90' lang='lat' dir='ltr'>ut</span> <span class='ocrx_word' id='word_1_51' title='bbox 440 487 509 500; x_wconf 84' lang='lat' dir='ltr'>omnes</span> <span class='ocrx_word' id='word_1_52' title='bbox 519 480 593 500; x_wconf 87' lang='lat' dir='ltr'>idcirco</span> <span class='ocrx_word' id='word_1_53' title='bbox 602 488 651 500; x_wconf 84' lang='lat' dir='ltr'>mor-</span> 
     </span>
     <span class='ocr_line' id='line_1_8' title="bbox 73 507 652 536; baseline 0.002 -9"><span class='ocrx_word' id='word_1_54' title='bbox 73 507 123 527; x_wconf 82' lang='lat' dir='ltr'><em>tales</em></span> <span class='ocrx_word' id='word_1_55' title='bbox 128 508 228 528; x_wconf 79' lang='lat' dir='ltr'>veritatem</span> <span class='ocrx_word' id='word_1_56' title='bbox 233 508 291 536; x_wconf 49' lang='lat' dir='ltr'>stiffi»</span> <span class='ocrx_word' id='word_1_57' title='bbox 297 508 431 528; x_wconf 80' lang='lat' dir='ltr'><em>mendaciorum</em></span> <span class='ocrx_word' id='word_1_58' title='bbox 436 513 454 528; x_wconf 81' lang='lat' dir='ltr'>et</span> <span class='ocrx_word' id='word_1_59' title='bbox 462 508 584 529; x_wconf 74' lang='lat' dir='ltr'>convitiorum</span> <span class='ocrx_word' id='word_1_60' title='bbox 590 516 652 529; x_wconf 81' lang='lat' dir='ltr'>amore</span> 
     </span>
     <span class='ocr_line' id='line_1_9' title="bbox 68 535 651 564; baseline 0.002 -9"><span class='ocrx_word' id='word_1_61' title='bbox 68 535 168 562; x_wconf 79' lang='lat' dir='ltr'>flagrare,</span> <span class='ocrx_word' id='word_1_62' title='bbox 183 536 350 564; x_wconf 72' lang='lat' dir='ltr'>impudentiffime</span> <span class='ocrx_word' id='word_1_63' title='bbox 365 536 448 560; x_wconf 83' lang='lat' dir='ltr'>accuses,</span> <span class='ocrx_word' id='word_1_64' title='bbox 465 536 504 563; x_wconf 90' lang='lat' dir='ltr'>ipse</span> <span class='ocrx_word' id='word_1_65' title='bbox 518 537 597 556; x_wconf 82' lang='lat' dir='ltr'>interim</span> <span class='ocrx_word' id='word_1_66' title='bbox 611 543 651 556; x_wconf 90' lang='lat' dir='ltr'>non</span> 
     </span>
     <span class='ocr_line' id='line_1_10' title="bbox 74 563 652 592; baseline 0.002 -9"><span class='ocrx_word' id='word_1_67' title='bbox 74 563 190 591; x_wconf 86' lang='lat' dir='ltr'>Apostolus,</span> <span class='ocrx_word' id='word_1_68' title='bbox 208 571 247 584; x_wconf 87' lang='lat' dir='ltr'>non</span> <span class='ocrx_word' id='word_1_69' title='bbox 265 564 370 592; x_wconf 80' lang='lat' dir='ltr'>Propheta,</span> <span class='ocrx_word' id='word_1_70' title='bbox 388 571 452 592; x_wconf 85' lang='lat' dir='ltr'>neque</span> <span class='ocrx_word' id='word_1_71' title='bbox 469 564 600 591; x_wconf 82' lang='lat' dir='ltr'>Evangelista,</span> <span class='ocrx_word' id='word_1_72' title='bbox 620 564 652 584; x_wconf 89' lang='lat' dir='ltr'>sed</span> 
     </span>
     <span class='ocr_line' id='line_1_11' title="bbox 76 590 652 619; baseline 0.002 -8"><span class='ocrx_word' id='word_1_73' title='bbox 76 590 170 611; x_wconf 79' lang='lat' dir='ltr'>scortator</span> <span class='ocrx_word' id='word_1_74' title='bbox 179 597 199 612; x_wconf 88' lang='lat' dir='ltr'>et</span> <span class='ocrx_word' id='word_1_75' title='bbox 208 591 268 612; x_wconf 90' lang='lat' dir='ltr'>heluo</span> <span class='ocrx_word' id='word_1_76' title='bbox 278 592 322 612; x_wconf 85' lang='lat' dir='ltr'>satis</span> <span class='ocrx_word' id='word_1_77' title='bbox 331 597 396 616; x_wconf 87' lang='lat' dir='ltr'>notus,</span> <span class='ocrx_word' id='word_1_78' title='bbox 406 597 426 612; x_wconf 90' lang='lat' dir='ltr'>et</span> <span class='ocrx_word' id='word_1_79' title='bbox 435 599 546 619; x_wconf 79' lang='lat' dir='ltr'>ganconum</span> <span class='ocrx_word' id='word_1_80' title='bbox 556 592 652 612; x_wconf 75' lang='lat' dir='ltr'>duntaxat</span> 
     </span>
     <span class='ocr_line' id='line_1_12' title="bbox 76 619 653 647; baseline 0.002 -8"><span class='ocrx_word' id='word_1_81' title='bbox 76 619 192 647; x_wconf 83' lang='lat' dir='ltr'>Episcopus.</span> <span class='ocrx_word' id='word_1_82' title='bbox 222 621 262 640; x_wconf 87' lang='lat' dir='ltr'>Vos</span> <span class='ocrx_word' id='word_1_83' title='bbox 272 620 318 640; x_wconf 72' lang='lat' dir='ltr'>verb</span> <span class='ocrx_word' id='word_1_84' title='bbox 328 620 416 644; x_wconf 69' lang='lat' dir='ltr'>ledores,</span> <span class='ocrx_word' id='word_1_85' title='bbox 429 627 478 647; x_wconf 80' lang='lat' dir='ltr'>quos</span> <span class='ocrx_word' id='word_1_86' title='bbox 491 627 529 640; x_wconf 91' lang='lat' dir='ltr'>non</span> <span class='ocrx_word' id='word_1_87' title='bbox 540 620 653 641; x_wconf 75' lang='lat' dir='ltr'>humaniter</span> 
     </span>
     <span class='ocr_line' id='line_1_13' title="bbox 75 648 651 676; baseline 0.002 -9"><span class='ocrx_word' id='word_1_88' title='bbox 75 648 169 675; x_wconf 83' lang='lat' dir='ltr'>appellat,</span> <span class='ocrx_word' id='word_1_89' title='bbox 174 648 205 668; x_wconf 79' lang='lat' dir='ltr'>sed</span> <span class='ocrx_word' id='word_1_90' title='bbox 211 648 277 676; x_wconf 85' lang='lat' dir='ltr'>inipso</span> <span class='ocrx_word' id='word_1_91' title='bbox 282 648 364 668; x_wconf 84' lang='lat' dir='ltr'>exordio</span> <span class='ocrx_word' id='word_1_92' title='bbox 369 653 410 669; x_wconf 82' lang='lat' dir='ltr'>tam</span> <span class='ocrx_word' id='word_1_93' title='bbox 416 649 526 676; x_wconf 84' lang='lat' dir='ltr'>petulanter</span> <span class='ocrx_word' id='word_1_94' title='bbox 546 649 651 676; x_wconf 84' lang='lat' dir='ltr'>erstringit,</span> 
     </span>
     <span class='ocr_line' id='line_1_14' title="bbox 76 676 652 711; baseline 0 -15"><span class='ocrx_word' id='word_1_95' title='bbox 76 680 118 696; x_wconf 81' lang='lat' dir='ltr'>tarn</span> <span class='ocrx_word' id='word_1_96' title='bbox 122 676 176 696; x_wconf 75' lang='lat' dir='ltr'>doffi</span> <span class='ocrx_word' id='word_1_97' title='bbox 182 676 324 703; x_wconf 87' lang='lat' dir='ltr'>reprehensoris</span> <span class='ocrx_word' id='word_1_98' title='bbox 329 676 385 696; x_wconf 87' lang='lat' dir='ltr'>vestri</span> <span class='ocrx_word' id='word_1_99' title='bbox 391 677 489 711; x_wconf 78' lang='lat' dir='ltr'>imprimis</span> <span class='ocrx_word' id='word_1_100' title='bbox 494 676 526 696; x_wconf 86' lang='lat' dir='ltr'>sen</span> <span class='ocrx_word' id='word_1_101' title='bbox 535 676 652 700; x_wconf 86' lang='lat' dir='ltr'>um,deinde</span> 
     </span>
     <span class='ocr_line' id='line_1_15' title="bbox 75 703 651 732; baseline 0 -8"><span class='ocrx_word' id='word_1_102' title='bbox 75 703 141 724; x_wconf 78' lang='lat' dir='ltr'>literas</span> <span class='ocrx_word' id='word_1_103' title='bbox 150 705 213 724; x_wconf 86' lang='lat' dir='ltr'>vereri</span> <span class='ocrx_word' id='word_1_104' title='bbox 221 704 263 731; x_wconf 85' lang='lat' dir='ltr'>jam</span> <span class='ocrx_word' id='word_1_105' title='bbox 274 704 352 728; x_wconf 87' lang='lat' dir='ltr'>discite;</span> <span class='ocrx_word' id='word_1_106' title='bbox 368 705 457 732; x_wconf 89' lang='lat' dir='ltr'>primum</span> <span class='ocrx_word' id='word_1_107' title='bbox 467 705 521 724; x_wconf 84' lang='lat' dir='ltr'>enim</span> <span class='ocrx_word' id='word_1_108' title='bbox 531 705 558 724; x_wconf 81' lang='lat' dir='ltr'>ait</span> <span class='ocrx_word' id='word_1_109' title='bbox 568 704 651 725; x_wconf 90' lang='lat' dir='ltr'>Miltoni</span> 
     </span>
     <span class='ocr_line' id='line_1_16' title="bbox 74 731 652 756; baseline 0 -4"><span class='ocrx_word' id='word_1_110' title='bbox 74 731 299 752; x_wconf 59' lang='lat' dir='ltr'>defenfioneminvidios?</span> <span class='ocrx_word' id='word_1_111' title='bbox 304 732 424 756; x_wconf 76' lang='lat' dir='ltr'>elaboratam,</span> <span class='ocrx_word' id='word_1_112' title='bbox 427 732 498 752; x_wconf 89' lang='lat' dir='ltr'>deinde</span> <span class='ocrx_word' id='word_1_113' title='bbox 503 737 532 753; x_wconf 85' lang='lat' dir='ltr'>tot</span> <span class='ocrx_word' id='word_1_114' title='bbox 537 733 611 752; x_wconf 83' lang='lat' dir='ltr'>excusis</span> <span class='ocrx_word' id='word_1_115' title='bbox 616 739 652 752; x_wconf 91' lang='lat' dir='ltr'>ex-</span> 
     </span>
     <span class='ocr_line' id='line_1_17' title="bbox 74 759 651 788; baseline 0 -8"><span class='ocrx_word' id='word_1_116' title='bbox 74 759 418 788; x_wconf 80' lang='lat' dir='ltr'>emplaribusapprobatiffimameffe</span> <span class='ocrx_word' id='word_1_117' title='bbox 423 760 502 784; x_wconf 84' lang='lat' dir='ltr'>fatetur;</span> <span class='ocrx_word' id='word_1_118' title='bbox 510 760 550 780; x_wconf 83' lang='lat' dir='ltr'>haec</span> <span class='ocrx_word' id='word_1_119' title='bbox 554 760 651 787; x_wconf 76' lang='lat' dir='ltr'>saneapud</span> 
     </span>
     <span class='ocr_line' id='line_1_18' title="bbox 74 788 652 816; baseline 0.002 -8"><span class='ocrx_word' id='word_1_120' title='bbox 74 795 144 808; x_wconf 84' lang='lat' dir='ltr'>omnes</span> <span class='ocrx_word' id='word_1_121' title='bbox 154 789 189 815; x_wconf 92' lang='lat' dir='ltr'>qui</span> <span class='ocrx_word' id='word_1_122' title='bbox 198 788 267 809; x_wconf 67' lang='lat' dir='ltr'>Latine</span> <span class='ocrx_word' id='word_1_123' title='bbox 278 789 391 816; x_wconf 85' lang='lat' dir='ltr'>intelligunt</span> <span class='ocrx_word' id='word_1_124' title='bbox 400 789 507 816; x_wconf 83' lang='lat' dir='ltr'>pugnantia</span> <span class='ocrx_word' id='word_1_125' title='bbox 517 789 566 809; x_wconf 56' lang='lat' dir='ltr'>sunt⁴</span> <span class='ocrx_word' id='word_1_126' title='bbox 596 789 652 808; x_wconf 89' lang='lat' dir='ltr'>Tum</span> 
     </span>
     <span class='ocr_line' id='line_1_19' title="bbox 73 816 651 844; baseline 0.002 -8"><span class='ocrx_word' id='word_1_127' title='bbox 73 816 164 843; x_wconf 71' lang='lat' dir='ltr'>catsant,</span> <span class='ocrx_word' id='word_1_128' title='bbox 175 817 246 844; x_wconf 83' lang='lat' dir='ltr'>inquit,</span> <span class='ocrx_word' id='word_1_129' title='bbox 255 817 304 837; x_wconf 81' lang='lat' dir='ltr'>illius</span> <span class='ocrx_word' id='word_1_130' title='bbox 311 817 430 844; x_wconf 78' lang='lat' dir='ltr'>exemplaria,</span> <span class='ocrx_word' id='word_1_131' title='bbox 438 822 459 837; x_wconf 89' lang='lat' dir='ltr'>ut</span> <span class='ocrx_word' id='word_1_132' title='bbox 467 817 523 843; x_wconf 79' lang='lat' dir='ltr'>nescio</span> <span class='ocrx_word' id='word_1_133' title='bbox 531 817 562 837; x_wconf 79' lang='lat' dir='ltr'>cm·</span> <span class='ocrx_word' id='word_1_134' title='bbox 568 817 651 837; x_wconf 66' lang='lat' dir='ltr'>leHorem</span> 
     </span>
     <span class='ocr_line' id='line_1_20' title="bbox 72 844 652 872; baseline 0 -8"><span class='ocrx_word' id='word_1_135' title='bbox 72 844 194 864; x_wconf 80' lang='lat' dir='ltr'>remitterem.</span> <span class='ocrx_word' id='word_1_136' title='bbox 225 844 288 865; x_wconf 72' lang='lat' dir='ltr'>Satius</span> <span class='ocrx_word' id='word_1_137' title='bbox 297 850 317 865; x_wconf 90' lang='lat' dir='ltr'>tu</span> <span class='ocrx_word' id='word_1_138' title='bbox 326 845 415 872; x_wconf 84' lang='lat' dir='ltr'>quidem,</span> <span class='ocrx_word' id='word_1_139' title='bbox 426 845 460 872; x_wconf 87' lang='lat' dir='ltr'>qui</span> <span class='ocrx_word' id='word_1_140' title='bbox 469 845 500 865; x_wconf 89' lang='lat' dir='ltr'>vel</span> <span class='ocrx_word' id='word_1_141' title='bbox 509 845 573 872; x_wconf 65' lang='lat' dir='ltr'>prima</span> <span class='ocrx_word' id='word_1_142' title='bbox 581 845 652 872; x_wconf 69' lang='lat' dir='ltr'>pagina</span> 
     </span>
     <span class='ocr_line' id='line_1_21' title="bbox 73 872 652 900; baseline 0 -8"><span class='ocrx_word' id='word_1_143' title='bbox 73 872 194 892; x_wconf 80' lang='lat' dir='ltr'>soloecismos</span> <span class='ocrx_word' id='word_1_144' title='bbox 200 873 272 893; x_wconf 81' lang='lat' dir='ltr'>evitare</span> <span class='ocrx_word' id='word_1_145' title='bbox 281 880 319 892; x_wconf 93' lang='lat' dir='ltr'>non</span> <span class='ocrx_word' id='word_1_146' title='bbox 327 878 389 900; x_wconf 84' lang='lat' dir='ltr'>potes,</span> <span class='ocrx_word' id='word_1_147' title='bbox 396 873 497 893; x_wconf 81' lang='lat' dir='ltr'>adOrbilii</span> <span class='ocrx_word' id='word_1_148' title='bbox 504 873 587 899; x_wconf 86' lang='lat' dir='ltr'>cujusvis</span> <span class='ocrx_word' id='word_1_149' title='bbox 593 873 652 899; x_wconf 86' lang='lat' dir='ltr'>flagra</span> 
     </span>
     <span class='ocr_line' id='line_1_22' title="bbox 74 900 652 928; baseline 0 -8"><span class='ocrx_word' id='word_1_150' title='bbox 74 900 205 920; x_wconf 84' lang='lat' dir='ltr'>remittendus</span> <span class='ocrx_word' id='word_1_151' title='bbox 212 907 239 924; x_wconf 84' lang='lat' dir='ltr'>es,</span> <span class='ocrx_word' id='word_1_152' title='bbox 246 901 298 928; x_wconf 85' lang='lat' dir='ltr'>apud</span> <span class='ocrx_word' id='word_1_153' title='bbox 306 908 366 928; x_wconf 87' lang='lat' dir='ltr'>quem</span> <span class='ocrx_word' id='word_1_154' title='bbox 373 901 426 920; x_wconf 92' lang='lat' dir='ltr'>nulla</span> <span class='ocrx_word' id='word_1_155' title='bbox 434 901 506 928; x_wconf 83' lang='lat' dir='ltr'>puteris</span> <span class='ocrx_word' id='word_1_156' title='bbox 514 901 605 928; x_wconf 62' lang='lat' dir='ltr'>apologia</span> <span class='ocrx_word' id='word_1_157' title='bbox 616 901 652 924; x_wconf 87' lang='lat' dir='ltr'>uti,</span> 
     </span>
     <span class='ocr_line' id='line_1_23' title="bbox 73 928 652 956; baseline 0 -8"><span class='ocrx_word' id='word_1_158' title='bbox 73 928 124 955; x_wconf 91' lang='lat' dir='ltr'>quin</span> <span class='ocrx_word' id='word_1_159' title='bbox 130 935 199 949; x_wconf 85' lang='lat' dir='ltr'>omnes</span> <span class='ocrx_word' id='word_1_160' title='bbox 205 933 224 949; x_wconf 80' lang='lat' dir='ltr'>te</span> <span class='ocrx_word' id='word_1_161' title='bbox 231 929 286 956; x_wconf 86' lang='lat' dir='ltr'>pueri</span> <span class='ocrx_word' id='word_1_162' title='bbox 294 929 353 956; x_wconf 87' lang='lat' dir='ltr'>virgis</span> <span class='ocrx_word' id='word_1_163' title='bbox 361 934 380 949; x_wconf 90' lang='lat' dir='ltr'>et</span> <span class='ocrx_word' id='word_1_164' title='bbox 388 928 454 948; x_wconf 81' lang='lat' dir='ltr'>ferulis</span> <span class='ocrx_word' id='word_1_165' title='bbox 463 928 544 956; x_wconf 64' lang='lat' dir='ltr'>pulchre</span> <span class='ocrx_word' id='word_1_166' title='bbox 551 929 652 956; x_wconf 88' lang='lat' dir='ltr'>depexum</span> 
     </span>
     <span class='ocr_line' id='line_1_24' title="bbox 74 957 652 984; baseline 0.002 -8"><span class='ocrx_word' id='word_1_167' title='bbox 74 961 135 983; x_wconf 81' lang='lat' dir='ltr'>atque</span> <span class='ocrx_word' id='word_1_168' title='bbox 143 962 235 977; x_wconf 86' lang='lat' dir='ltr'>ornatum</span> <span class='ocrx_word' id='word_1_169' title='bbox 243 957 349 977; x_wconf 82' lang='lat' dir='ltr'>dimittant.</span> <span class='ocrx_word' id='word_1_170' title='bbox 379 957 455 976; x_wconf 87' lang='lat' dir='ltr'>Verum</span> <span class='ocrx_word' id='word_1_171' title='bbox 466 962 485 976; x_wconf 88' lang='lat' dir='ltr'>te</span> <span class='ocrx_word' id='word_1_172' title='bbox 492 957 534 983; x_wconf 82' lang='lat' dir='ltr'>jam</span> <span class='ocrx_word' id='word_1_173' title='bbox 543 957 608 984; x_wconf 60' lang='lat' dir='ltr'>prim&amp;</span> <span class='ocrx_word' id='word_1_174' title='bbox 617 964 652 976; x_wconf 83' lang='lat' dir='ltr'>au-</span> 
     </span>
     <span class='ocr_line' id='line_1_25' title="bbox 74 984 652 1012; baseline 0 -8"><span class='ocrx_word' id='word_1_175' title='bbox 74 991 137 1011; x_wconf 87' lang='lat' dir='ltr'>guror</span> <span class='ocrx_word' id='word_1_176' title='bbox 147 984 183 1004; x_wconf 87' lang='lat' dir='ltr'>hac</span> <span class='ocrx_word' id='word_1_177' title='bbox 194 985 214 1004; x_wconf 94' lang='lat' dir='ltr'>in</span> <span class='ocrx_word' id='word_1_178' title='bbox 226 990 280 1012; x_wconf 85' lang='lat' dir='ltr'>parte</span> <span class='ocrx_word' id='word_1_179' title='bbox 293 984 345 1005; x_wconf 87' lang='lat' dir='ltr'>haud</span> <span class='ocrx_word' id='word_1_180' title='bbox 358 985 401 1004; x_wconf 68' lang='lat' dir='ltr'>raro</span> <span class='ocrx_word' id='word_1_181' title='bbox 415 990 549 1012; x_wconf 82' lang='lat' dir='ltr'>peccaturum,</span> <span class='ocrx_word' id='word_1_182' title='bbox 562 985 597 1012; x_wconf 90' lang='lat' dir='ltr'>qui</span> <span class='ocrx_word' id='word_1_183' title='bbox 611 990 652 1004; x_wconf 90' lang='lat' dir='ltr'>tam</span> 
     </span>
     <span class='ocr_line' id='line_1_26' title="bbox 74 1012 652 1040; baseline 0 -8"><span class='ocrx_word' id='word_1_184' title='bbox 74 1019 119 1032; x_wconf 83' lang='lat' dir='ltr'>rem</span> <span class='ocrx_word' id='word_1_185' title='bbox 127 1012 184 1032; x_wconf 71' lang='lat' dir='ltr'>mane</span> <span class='ocrx_word' id='word_1_186' title='bbox 193 1013 269 1040; x_wconf 92' lang='lat' dir='ltr'>incipis.</span> <span class='ocrx_word' id='word_1_187' title='bbox 292 1013 364 1039; x_wconf 83' lang='lat' dir='ltr'>Neque</span> <span class='ocrx_word' id='word_1_188' title='bbox 373 1013 467 1033; x_wconf 74' lang='lat' dir='ltr'>lectorem</span> <span class='ocrx_word' id='word_1_189' title='bbox 478 1012 533 1033; x_wconf 71' lang='lat' dir='ltr'>stulte</span> <span class='ocrx_word' id='word_1_190' title='bbox 541 1013 615 1039; x_wconf 81' lang='lat' dir='ltr'>alloqui</span> <span class='ocrx_word' id='word_1_191' title='bbox 623 1012 652 1032; x_wconf 88' lang='lat' dir='ltr'>sa-</span> 
     </span>
     <span class='ocr_line' id='line_1_27' title="bbox 75 1040 652 1068; baseline 0 -8"><span class='ocrx_word' id='word_1_192' title='bbox 75 1041 100 1060; x_wconf 74' lang='lat' dir='ltr'>tis</span> <span class='ocrx_word' id='word_1_193' title='bbox 106 1040 174 1064; x_wconf 79' lang='lat' dir='ltr'>habes,</span> <span class='ocrx_word' id='word_1_194' title='bbox 181 1040 212 1060; x_wconf 91' lang='lat' dir='ltr'>sed</span> <span class='ocrx_word' id='word_1_195' title='bbox 219 1041 243 1060; x_wconf 81' lang='grc' dir='ltr'><strong><em>εὸ</em></strong></span> <span class='ocrx_word' id='word_1_196' title='bbox 250 1041 309 1060; x_wconf 88' lang='lat' dir='ltr'>etiam</span> <span class='ocrx_word' id='word_1_197' title='bbox 317 1040 397 1061; x_wconf 70' lang='lat' dir='ltr'>ulterius</span> <span class='ocrx_word' id='word_1_198' title='bbox 405 1041 489 1061; x_wconf 78' lang='lat' dir='ltr'>audaciae</span> <span class='ocrx_word' id='word_1_199' title='bbox 494 1041 652 1068; x_wconf 86' lang='lat' dir='ltr'>proceffisti(quo</span> 
     </span>
     <span class='ocr_line' id='line_1_28' title="bbox 75 1068 652 1095; baseline 0 -7"><span class='ocrx_word' id='word_1_200' title='bbox 75 1069 125 1088; x_wconf 86' lang='lat' dir='ltr'>vitio</span> <span class='ocrx_word' id='word_1_201' title='bbox 137 1069 246 1095; x_wconf 83' lang='lat' dir='ltr'>ignorantia</span> <span class='ocrx_word' id='word_1_202' title='bbox 256 1068 343 1089; x_wconf 72' lang='lat' dir='ltr'>maxime</span> <span class='ocrx_word' id='word_1_203' title='bbox 356 1069 443 1089; x_wconf 81' lang='lat' dir='ltr'>laborare</span> <span class='ocrx_word' id='word_1_204' title='bbox 457 1068 512 1095; x_wconf 83' lang='lat' dir='ltr'>solet)</span> <span class='ocrx_word' id='word_1_205' title='bbox 527 1074 549 1088; x_wconf 90' lang='lat' dir='ltr'>ut</span> <span class='ocrx_word' id='word_1_206' title='bbox 562 1068 652 1088; x_wconf 86' lang='lat' dir='ltr'>Leidenfi</span> 
     </span>
     <span class='ocr_line' id='line_1_29' title="bbox 75 1096 651 1124; baseline 0 -8"><span class='ocrx_word' id='word_1_207' title='bbox 75 1096 324 1117; x_wconf 76' lang='lat' dir='ltr'>Academiaeceleberrimae</span> <span class='ocrx_word' id='word_1_208' title='bbox 329 1097 411 1124; x_wconf 85' lang='lat' dir='ltr'>ineptias</span> <span class='ocrx_word' id='word_1_209' title='bbox 417 1102 458 1117; x_wconf 84' lang='lat' dir='ltr'>tuas</span> <span class='ocrx_word' id='word_1_210' title='bbox 463 1096 590 1117; x_wconf 77' lang='lat' dir='ltr'>foetidiffimas</span> <span class='ocrx_word' id='word_1_211' title='bbox 595 1096 651 1124; x_wconf 86' lang='lat' dir='ltr'>Epis-</span> 
     </span>
     <span class='ocr_line' id='line_1_30' title="bbox 76 1124 652 1152; baseline 0.002 -8"><span class='ocrx_word' id='word_1_212' title='bbox 76 1124 116 1144; x_wconf 78' lang='lat' dir='ltr'>tola</span> <span class='ocrx_word' id='word_1_213' title='bbox 122 1125 182 1144; x_wconf 88' lang='lat' dir='ltr'>etiam</span> <span class='ocrx_word' id='word_1_214' title='bbox 189 1125 297 1145; x_wconf 73' lang='lat' dir='ltr'>stultiffime</span> <span class='ocrx_word' id='word_1_215' title='bbox 306 1124 374 1152; x_wconf 85' lang='lat' dir='ltr'>scripta</span> <span class='ocrx_word' id='word_1_216' title='bbox 380 1125 469 1145; x_wconf 83' lang='lat' dir='ltr'>dedicare</span> <span class='ocrx_word' id='word_1_217' title='bbox 478 1125 533 1145; x_wconf 86' lang='lat' dir='ltr'>ausus</span> <span class='ocrx_word' id='word_1_218' title='bbox 539 1125 568 1145; x_wconf 87' lang='lat' dir='ltr'>fis.</span> <span class='ocrx_word' id='word_1_219' title='bbox 583 1125 652 1145; x_wconf 81' lang='lat' dir='ltr'><em>Alum-</em></span> 
     </span>
     <span class='ocr_line' id='line_1_31' title="bbox 75 1152 651 1180; baseline 0.002 -8"><span class='ocrx_word' id='word_1_220' title='bbox 75 1159 119 1172; x_wconf 81' lang='lat' dir='ltr'>tmm</span> <span class='ocrx_word' id='word_1_221' title='bbox 128 1157 146 1172; x_wconf 91' lang='lat' dir='ltr'>te</span> <span class='ocrx_word' id='word_1_222' title='bbox 155 1153 267 1172; x_wconf 77' lang='lat' dir='ltr'>Academiae</span> <span class='ocrx_word' id='word_1_223' title='bbox 272 1153 360 1180; x_wconf 82' lang='lat' dir='ltr'>quondam</span> <span class='ocrx_word' id='word_1_224' title='bbox 369 1152 424 1172; x_wconf 83' lang='lat' dir='ltr'>fuiffe</span> <span class='ocrx_word' id='word_1_225' title='bbox 432 1153 523 1173; x_wconf 83' lang='lat' dir='ltr'>affirmas.</span> <span class='ocrx_word' id='word_1_226' title='bbox 539 1154 598 1173; x_wconf 87' lang='lat' dir='ltr'>Tune</span> <span class='ocrx_word' id='word_1_227' title='bbox 606 1152 651 1173; x_wconf 65' lang='lat' dir='ltr'>verb</span> 
     </span>
     <span class='ocr_line' id='line_1_32' title="bbox 75 1180 653 1208; baseline 0.002 -8"><span class='ocrx_word' id='word_1_228' title='bbox 75 1180 189 1201; x_wconf 76' lang='lat' dir='ltr'>Academiae</span> <span class='ocrx_word' id='word_1_229' title='bbox 206 1180 265 1200; x_wconf 86' lang='lat' dir='ltr'>ullius</span> <span class='ocrx_word' id='word_1_230' title='bbox 280 1188 368 1208; x_wconf 86' lang='lat' dir='ltr'>unquam</span> <span class='ocrx_word' id='word_1_231' title='bbox 385 1181 483 1204; x_wconf 87' lang='lat' dir='ltr'>alumnus,</span> <span class='ocrx_word' id='word_1_232' title='bbox 499 1181 553 1207; x_wconf 88' lang='lat' dir='ltr'>cujus</span> <span class='ocrx_word' id='word_1_233' title='bbox 567 1181 653 1201; x_wconf 76' lang='lat' dir='ltr'>infantiae</span> 
     </span>
    </p>

    <p class='ocr_par' dir='ltr' id='par_1_3' title="bbox 89 1208 651 1236">
     <span class='ocr_line' id='line_1_33' title="bbox 89 1208 651 1236; baseline 0 -8"><span class='ocrx_word' id='word_1_234' title='bbox 89 1208 222 1236; x_wconf 71' lang='lat' dir='ltr'>ropemodhm</span> <span class='ocrx_word' id='word_1_235' title='bbox 232 1209 327 1229; x_wconf 81' lang='lat' dir='ltr'>illiteratae</span> <span class='ocrx_word' id='word_1_236' title='bbox 335 1209 444 1236; x_wconf 84' lang='lat' dir='ltr'>quemlibet</span> <span class='ocrx_word' id='word_1_237' title='bbox 452 1209 483 1229; x_wconf 84' lang='lat' dir='ltr'>vel</span> <span class='ocrx_word' id='word_1_238' title='bbox 492 1209 511 1228; x_wconf 95' lang='lat' dir='ltr'>in</span> <span class='ocrx_word' id='word_1_239' title='bbox 521 1209 571 1236; x_wconf 85' lang='lat' dir='ltr'>agris</span> <span class='ocrx_word' id='word_1_240' title='bbox 582 1209 651 1229; x_wconf 89' lang='lat' dir='ltr'>ludum</span> 
     </span>
    </p>

    <p class='ocr_par' dir='ltr' id='par_1_4' title="bbox 72 1236 652 1376">
     <span class='ocr_line' id='line_1_34' title="bbox 83 1236 651 1264; baseline 0.002 -8"><span class='ocrx_word' id='word_1_241' title='bbox 83 1237 185 1257; x_wconf 81' lang='lat' dir='ltr'>iterarium</span> <span class='ocrx_word' id='word_1_242' title='bbox 192 1236 287 1264; x_wconf 84' lang='lat' dir='ltr'>puderet?</span> <span class='ocrx_word' id='word_1_243' title='bbox 303 1236 419 1257; x_wconf 87' lang='lat' dir='ltr'>Leidensem</span> <span class='ocrx_word' id='word_1_244' title='bbox 427 1242 493 1257; x_wconf 81' lang='lat' dir='ltr'>autem</span> <span class='ocrx_word' id='word_1_245' title='bbox 499 1237 651 1257; x_wconf 78' lang='lat' dir='ltr'>alumnumfuiffe</span> 
     </span>
     <span class='ocr_line' id='line_1_35' title="bbox 74 1265 652 1292; baseline 0 -8"><span class='ocrx_word' id='word_1_246' title='bbox 74 1271 165 1291; x_wconf 83' lang='lat' dir='ltr'>unquam</span> <span class='ocrx_word' id='word_1_247' title='bbox 175 1269 194 1284; x_wconf 82' lang='lat' dir='ltr'>te</span> <span class='ocrx_word' id='word_1_248' title='bbox 200 1265 265 1284; x_wconf 80' lang='lat' dir='ltr'>dicere</span> <span class='ocrx_word' id='word_1_249' title='bbox 273 1265 352 1288; x_wconf 79' lang='lat' dir='ltr'>audere,</span> <span class='ocrx_word' id='word_1_250' title='bbox 360 1265 444 1285; x_wconf 87' lang='lat' dir='ltr'>dubium</span> <span class='ocrx_word' id='word_1_251' title='bbox 452 1265 487 1284; x_wconf 78' lang='lat' dir='ltr'>tibi</span> <span class='ocrx_word' id='word_1_252' title='bbox 495 1272 519 1285; x_wconf 91' lang='lat' dir='ltr'>ne</span> <span class='ocrx_word' id='word_1_253' title='bbox 527 1265 556 1288; x_wconf 82' lang='lat' dir='ltr'>fit,</span> <span class='ocrx_word' id='word_1_254' title='bbox 564 1266 612 1292; x_wconf 91' lang='lat' dir='ltr'>quin</span> <span class='ocrx_word' id='word_1_255' title='bbox 619 1265 652 1284; x_wconf 91' lang='lat' dir='ltr'>illa</span> 
     </span>
     <span class='ocr_line' id='line_1_36' title="bbox 74 1292 651 1320; baseline 0 -8"><span class='ocrx_word' id='word_1_256' title='bbox 74 1292 185 1312; x_wconf 81' lang='lat' dir='ltr'>Academia</span> <span class='ocrx_word' id='word_1_257' title='bbox 194 1292 362 1313; x_wconf 61' lang='lat' dir='ltr'>vehementiffime</span> <span class='ocrx_word' id='word_1_258' title='bbox 375 1293 499 1320; x_wconf 85' lang='lat' dir='ltr'>indignetur;</span> <span class='ocrx_word' id='word_1_259' title='bbox 516 1293 585 1319; x_wconf 87' lang='lat' dir='ltr'>majori</span> <span class='ocrx_word' id='word_1_260' title='bbox 597 1293 651 1312; x_wconf 90' lang='lat' dir='ltr'>enim</span> 
     </span>
     <span class='ocr_line' id='line_1_37' title="bbox 72 1320 651 1348; baseline 0 -8"><span class='ocrx_word' id='word_1_261' title='bbox 72 1321 197 1340; x_wconf 64' lang='lat' dir='ltr'>contumelia</span> <span class='ocrx_word' id='word_1_262' title='bbox 207 1320 277 1340; x_wconf 89' lang='lat' dir='ltr'>urbem</span> <span class='ocrx_word' id='word_1_263' title='bbox 287 1321 341 1341; x_wconf 83' lang='lat' dir='ltr'>illam</span> <span class='ocrx_word' id='word_1_264' title='bbox 351 1321 427 1341; x_wconf 85' lang='lat' dir='ltr'>afficere</span> <span class='ocrx_word' id='word_1_265' title='bbox 438 1328 476 1340; x_wconf 92' lang='lat' dir='ltr'>non</span> <span class='ocrx_word' id='word_1_266' title='bbox 489 1326 552 1348; x_wconf 84' lang='lat' dir='ltr'>potes,</span> <span class='ocrx_word' id='word_1_267' title='bbox 565 1321 620 1347; x_wconf 82' lang='lat' dir='ltr'>cujus</span> <span class='ocrx_word' id='word_1_268' title='bbox 633 1325 651 1340; x_wconf 89' lang='lat' dir='ltr'>te</span> 
     </span>
     <span class='ocr_line' id='line_1_38' title="bbox 72 1348 650 1376; baseline 0 -8"><span class='ocrx_word' id='word_1_269' title='bbox 72 1348 164 1376; x_wconf 81' lang='lat' dir='ltr'>quondam</span> <span class='ocrx_word' id='word_1_270' title='bbox 175 1349 270 1368; x_wconf 85' lang='lat' dir='ltr'>alumnum</span> <span class='ocrx_word' id='word_1_271' title='bbox 284 1348 339 1369; x_wconf 76' lang='lat' dir='ltr'>fuiss&#39;e</span> <span class='ocrx_word' id='word_1_272' title='bbox 354 1349 456 1376; x_wconf 82' lang='lat' dir='ltr'>praedicas;</span> <span class='ocrx_word' id='word_1_273' title='bbox 475 1355 588 1376; x_wconf 87' lang='lat' dir='ltr'>quanquam</span> <span class='ocrx_word' id='word_1_274' title='bbox 602 1348 650 1368; x_wconf 85' lang='lat' dir='ltr'>illud</span> 
     </span>
    </p>
   </div>
  </div>
 </body>
</html>
