2888 5204
453 585 454 588 κ
523 497 754 604 Praefatio
1189 543 1212 626 5

57 691 251 775 oratorem,
262 697 301 760 et
305 677 591 787 stemptuostem!
640 677 784 760 Siccine
801 678 1033 786 defenstonem
1050 696 1123 789 pro
1141 682 1216 759 Ca·

56 788 133 868 rolo
146 806 280 898 patre,
291 791 573 898 tudsententid,
585 820 671 899 rege
685 791 829 901 optimd,
844 791 898 871 ad
907 791 1216 900 Carolumfilium

57 927 182 1005 regem
201 903 484 1014 pauperrimum
507 904 654 1013 nolussi
672 903 743 1009 affl
753 903 942 1010 stemtibus
965 903 1114 1013 regiis?
1144 904 1221 985 Sed

57 1020 255 1094 veterator
266 1017 377 1096 etiam
389 1015 495 1096 lcaud
504 1015 721 1097 irrcdiculus
734 1015 799 1126 effe
813 1015 971 1124 volussi,
987 1017 1056 1128 qui
1064 1017 1216 1122 regiam

59 1122 329 1207 defenfionem
348 1128 514 1221 dixeris,·
543 1157 613 1208 non
632 1129 724 1210 enim
743 1125 901 1236 amplicis
913 1146 983 1208 tua
998 1157 1107 1238 quom
1122 1156 1215 1208 ven·

60 1233 197 1344 dupli,
204 1238 279 1345 sed
291 1241 451 1347 legitimi
460 1240 546 1349 jam
567 1241 674 1348 regia
693 1239 866 1319 defenfio
879 1238 954 1347 est,·
984 1239 1143 1321 centenis
1156 1239 1217 1320 ni·

59 1348 197 1430 mirum
203 1351 395 1457 Jacobaeis
406 1371 517 1446 emta,
524 1352 669 1460 ingenti
669 1352 793 1462 pretio
807 1350 855 1431 ab
869 1351 1081 1459 egentiffimo
1087 1354 1214 1459 Rege:

59 1487 130 1540 non
149 1462 244 1542 enim
264 1464 390 1570 ignoto
409 1465 617 1574 loquimur5
642 1464 808 1545 novimus
827 1465 895 1573 qui
910 1463 988 1545 illos
1005 1493 1135 1545 aureos
1153 1463 1217 1545 do-

61 1601 161 1652 mum
187 1577 321 1657 attulit
343 1594 462 1672 tuam,
480 1577 547 1687 qui
561 1607 770 1658 crumenam
790 1574 891 1657 illam
917 1575 1060 1685 teffellis
1083 1577 1217 1656 vitreis

62 1685 272 1783 variatam,
285 1691 452 1768 novinus
462 1689 529 1799 qui
543 1707 581 1769 te
593 1718 738 1769 avaros
748 1716 881 1768 manus
888 1687 1139 1798 porrigentem
1154 1688 1217 1769 oi-

61 1794 134 1888 dit,
156 1797 359 1910 inspeciem
374 1801 513 1911 quidem
532 1819 577 1881 ut
596 1801 829 1883 Sacellonum
844 1800 960 1906 Regis
977 1801 1031 1880 mi
1055 1829 1116 1880 um
1134 1829 1217 1881 cum

60 1938 226 2007 munere,
246 1941 289 1992 re
307 1913 403 1995 verd
426 1931 470 1993 ut
492 1911 606 2022 ipsum
623 1940 754 1993 munus
772 1913 1057 2024 amplebiereree
1086 1930 1124 1992 et
1141 1912 1219 1992 und

60 2021 213 2103 tantim
225 2023 388 2105 mercede
404 2025 558 2134 occeptd
577 2043 694 2105 totum
712 2024 805 2134 peni
823 2025 922 2132 regis
939 2023 1120 2104 cerarium
1139 2025 1219 2105 exi-

63 2134 228 2214 nanires.
290 2135 365 2217 Sed
373 2165 494 2219 eccum
509 2137 636 2247 ipstem,
652 2153 807 2245 crepant
812 2136 937 2244 fores,
945 2135 1075 2247 prodit
1093 2135 1217 2246 histrio

59 2244 100 2325 in
111 2247 357 2356 proscenium.

148 2413 254 2494 Date
273 2443 436 2524 operam
458 2435 611 2496 etcum
631 2417 782 2497 filentio
802 2415 1118 2512 animadvertite,

149 2526 211 2606 Ut
229 2527 463 2635 pernoscatis
482 2529 578 2637 quid
599 2527 669 2608 fibi
686 2527 904 2609 Eunuchus
924 2527 1031 2609 velit.

62 2702 169 2779 Nam
184 2701 361 2812 quicquid
374 2703 436 2812 ess,
455 2720 604 2813 prater
620 2701 774 2809 solitum
797 2703 1043 2783 cothurnatus
1066 2702 1214 2784 incedit.

61 2813 283 2895 Horribilis
302 2842 427 2924 nuper
446 2816 606 2895 nuntius
621 2844 731 2895 aures
745 2814 890 2895 nostras
904 2816 1025 2896 atroci
1038 2816 1214 2912 vulnere,

62 2923 128 3004 sed
149 2929 277 3034 magis
292 2945 443 3007 mentes
457 2927 641 3037 perculit,
653 2927 703 3006 de
715 2927 924 3036 parricidio
937 2928 1042 3037 apud
1059 2928 1213 3035 Anglos

60 3037 102 3115 in
124 3037 288 3146 personis
305 3040 408 3147 regis
428 3040 705 3147 sacrilegorum
725 3038 936 3119 hominum
953 3038 1099 3120 nefarii
1118 3068 1215 3120 con-

62 3147 272 3258 spiratione
288 3150 465 3232 admiffo.
510 3150 687 3258 Proselte)
702 3151 857 3232 nuntius¹
871 3151 933 3260 iste
946 3151 1132 3233 horribilis
1147 3171 1217 3233 aut

58 3260 230 3368 gladium
247 3264 362 3345 multo
385 3263 579 3372 longiorem
604 3292 641 3344 eo
665 3291 768 3374 quem
782 3262 946 3371 strinxit
972 3265 1116 3344 Petrus
1142 3266 1214 3345 lca-

62 3372 190 3453 buerit
208 3393 362 3483 oportet,
381 3394 452 3457 aut
468 3405 580 3456 aures
597 3375 674 3484 ssee
692 3374 918 3481 auritiffimae
930 3374 1105 3482 suerint,
1124 3406 1216 3487 quas

62 3504 143 3564 tom
162 3486 285 3593 longin
310 3516 353 3568 uo
371 3489 526 3568 vulnere
546 3487 780 3597 perculerit:
809 3517 895 3567 nom
917 3515 1027 3568 aures
1049 3518 1118 3568 non
1132 3488 1215 3597 sto-

62 3595 159 3677 lidas
178 3627 259 3678 neo
290 3599 417 3709 endiffe
445 3598 585 3710 quidem
594 3598 733 3708 potuit.
794 3601 927 3708 Ecqua
941 3600 1033 3680 enim
1049 3599 1216 3707 vobisstt

64 3709 223 3815 injuria,
234 3712 356 3820 ecquis
369 3711 528 3820 vestrim
542 3711 710 3804 laeditur,
715 3710 760 3816 st
771 3740 833 3791 nos
847 3710 958 3819 hostes
970 3731 1007 3791 et
1011 3710 1217 3824 perduelles

62 3821 213 3929 nostros,
219 3823 307 3929 stve
318 3822 487 3933 plebeios,
500 3824 588 3930 stoc
606 3822 750 3917 nobiles,
757 3822 845 3929 stne
863 3852 967 3930 reges
984 3841 1100 3905 morte
1117 3826 1216 3905 mul-

62 3933 223 4013 tamus?
257 3937 321 4014 At
343 3935 411 4042 ssa
433 3935 551 4031 mitte,
577 3933 745 4041 Solmast‚
769 3964 853 4045 quee
871 3935 925 4015 ad
946 3953 983 4016 te
1004 3937 1101 4017 nihil
1119 3938 1215 4019 atti-

62 4064 181 4125 nent:
210 4048 384 4154 egoenim
398 4047 442 4128 de
458 4067 496 4128 te
513 4048 624 4128 etiam
642 4046 874 4127 horribilem
894 4047 1004 4128 habeo
1023 4077 1125 4158 quem
1143 4066 1213 4159 op-

58 4175 206 4265 portem
233 4161 444 4255 nuntium;
474 4159 543 4270 qui
562 4190 606 4240 ue
633 4160 787 4240 omnium
817 4159 1151 4241 Grammaticorum
1179 4180 1217 4241 et

66 4269 295 4351 Criticorum
314 4300 439 4366 aures,
463 4190 561 4353 modi
580 4289 714 4352 teretes
732 4270 867 4351 habent
885 4287 922 4350 et
947 4271 1085 4366 lotias,
1110 4291 1215 4354 atro·

64 4381 162 4462 ciori
180 4383 335 4463 vulnere
342 4383 387 4489 st
401 4412 471 4465 non
485 4384 705 4493 perculerit,
721 4382 885 4463 mirabor
896 4413 909 4476 ,·
939 4384 988 4463 de
1008 4385 1218 4493 parricidio

62 4493 170 4603 apud
184 4495 387 4576 Hollondos
404 4497 444 4576 in
464 4495 625 4606 persona
636 4494 867 4606 Arssorclzi,
888 4494 1034 4576 nefarii
1051 4495 1223 4601 Solmasti

62 4605 226 4688 audocid
244 4607 430 4688 admiffo:
461 4626 499 4688 te
516 4638 689 4716 magnum
701 4608 850 4716 scilicet
871 4607 1056 4688 Criticum
1080 4607 1216 4717 sump-

65 4719 170 4801 tibus
190 4721 310 4829 regiis
323 4721 551 4816 condulfum,
565 4740 608 4803 ut
622 4720 853 4831 defensionem
867 4719 1009 4828 regiam
1014 4718 1217 4827 scriberes,
