2888 5204
389 559 665 698 Responsm,
691 588 782 660 etc.
1080 608 1159 689 ²07
1215 659 1219 668 ,

124 768 135 820 ε
155 743 328 852 Regem,
347 738 443 821 cum
463 742 638 850 quinque
659 741 848 820 Membra
872 740 1062 848 posceret,
1084 742 1159 823 fal-

125 883 196 934 um
209 852 289 948 est;
319 852 427 962 qudd
438 881 489 932 ex
502 854 569 934 illa
584 882 625 933 re
637 852 743 961 gesta
756 852 842 933 satis
857 853 994 960 liquet.
1039 855 1160 964 Nosti,

124 965 258 1077 s,qudd
263 966 333 1072 api
341 964 367 1044 d
365 965 543 1072 stecoriis
552 963 684 1072 vestris
696 964 887 1074 impeditus
892 967 1050 1075 populus
1064 967 1162 1077 effla,

124 1108 129 1152 ι
152 1080 172 1157 ὲ
194 1077 328 1186 astris
348 1075 516 1158 manibus
538 1077 759 1187 eripuffl‘nt.
817 1074 972 1159 Verum
995 1106 1094 1186 quos
1118 1100 1161 1160 tu

124 1191 205 1270 lum
225 1189 299 1269 effe
315 1189 530 1282 existimas,
548 1218 617 1270 nos
633 1218 710 1269 non
726 1208 926 1298 putamus.
985 1191 1052 1269 An
1067 1191 1161 1271 verb

124 1330 232 1382 >rum
256 1329 419 1410 gregem
444 1302 560 1381 illum
580 1303 795 1412 perditum,
817 1301 1006 1410 totiesque
1030 1304 1162 1385 domi·

132 1415 329 1525 populum
345 1415 543 1524 appellas?
603 1416 691 1495 Nos
704 1415 758 1494 ita
772 1441 850 1493 non
863 1415 1132 1497 existimamus
1148 1447 1158 1497 ε

124 1526 236 1620 bello,
252 1528 361 1636 quod
376 1528 447 1637 ipsu
460 1527 685 1620 intulerant,
692 1526 758 1630 jus
773 1527 912 1636 populi
928 1527 1154 1608 amiserunt.

124 1666 235 1718 >num
253 1641 425 1746 graviter
438 1638 606 1733 accusas,
622 1639 729 1746 quod
748 1639 908 1732 dixerit,
929 1640 1160 1720 Salmafium

124 1778 135 1831 s
149 1770 319 1831 mortem
332 1751 462 1860 inepte
477 1751 712 1860 plorantem,
726 1752 944 1857 legentium
959 1753 1162 1832 neminem

124 1864 321 1943 ristiorem
342 1863 559 1944 reddidiffe.
623 1865 719 1942 Non
745 1890 839 1969 ergo
860 1864 900 1942 in
921 1863 1160 1958 Miltonum,

124 1974 397 2056 ‚stolidiffimas
412 1976 608 2056 Conducri
621 1976 826 2084 ploratoris
844 1977 982 2055 naenias
1001 1976 1163 2086 culpam

126 2115 187 2166 rre
208 2088 340 2170 debes.

124 2250 173 2329 m'
192 2269 338 2330 moveat
358 2250 501 2359 quippe,
523 2267 559 2328 et
579 2251 754 2356 cantetfi
768 2250 995 2358 naufragus,
1016 2253 1121 2362 (assem

124 2362 525 2456 'etuleriu—Verum,
546 2391 611 2441 nec
630 2365 731 2442 nobie
743 2380 925 2471 paratum

124 2473 257 2567 braun,
277 2474 345 2583 qui
358 2504 413 2554 me
432 2474 531 2555 uolet
550 2474 759 2584 incurucsse
777 2474 939 2584 quereld.

124 2648 163 2726 ri
170 2648 374 2757 patientia,
393 2650 540 2757 inquis,
546 2645 689 2756 strunt
710 2648 883 2758 Epffcopi
897 2649 1059 2730 convitia
1077 2670 1159 2732 tua.

124 2787 301 2867 :oporum
321 2760 408 2840 sane
429 2762 617 2868 patientia
636 2761 821 2840 omnibus
842 2782 933 2842 nota
952 2761 1019 2842 est.
1078 2765 1161 2845 Hic

124 2873 226 2979 quasi
244 2873 397 2952 interno
412 2873 546 2953 dolore
562 2873 774 2982 perculsus,
794 2901 940 2980 magno
956 2873 1107 2955 fervore
1123 2896 1164 2956 et

124 3011 168 3077 u,
191 2982 478 3093 Episcoporum
504 2987 766 3064 Caeremonias
790 3004 829 3064 et
852 2987 1085 3068 ambitiones
1105 2989 1162 3068 as-

124 3123 133 3174 =
161 3096 377 3176 contendis.
439 3098 556 3176 Unde
584 3098 754 3206 apertius
777 3097 870 3177 licet
896 3099 1102 3204 conjicere,
1125 3120 1162 3180 te

124 3209 285 3288 imalum
312 3209 516 3289 lurconem
545 3208 675 3301 illum,
704 3237 825 3317 quem
851 3231 963 3291 antea
989 3212 1163 3292 diximus

135 3321 206 3427 qui
237 3320 451 3431 Episcopos
479 3321 747 3413 combibones‚
780 3341 820 3400 et
850 3323 1162 3404 commeuatores

138 3431 232 3510 belli
251 3432 377 3512 civilis
396 3431 515 3526 faces,
532 3453 613 3512 tam
629 3435 806 3540 gnaviter
824 3433 1014 3514 defendis.
1064 3436 1163 3542 Quot

124 3543 162 3623 ·it
176 3545 322 3653 Hippia
333 3544 498 3639 muchos,
512 3546 657 3652 inquis,
670 3545 949 3624 innumerabiles
946 3545 1056 3650 stant.
1107 3548 1163 3625 At

124 3656 143 3734 b
162 3659 286 3763 magis
306 3657 623 3749 innumerabiles,
644 3678 742 3766 quot
764 3658 1009 3738 Brammalus
1025 3656 1163 3737 fecerit

124 3765 201 3846 has.
261 3768 337 3849 Sed
351 3773 435 3850 Rex
453 3767 569 3876 noster
590 3770 661 3863 ais,
684 3765 833 3878 Templa
857 3769 979 3877 nostra
996 3769 1165 3851 decenter

124 3879 182 3972 u't,
197 3897 235 3957 et
250 3879 447 3961 honoravit
462 3881 500 3960 in
515 3881 680 3960 honorem
697 3884 789 3976 Dei,
803 3911 988 3991 nunquam
1003 3883 1043 3962 in
1055 3912 1163 3991 equo-

124 3989 286 4100 stabulos
312 3993 562 4073 convertebat.
625 3994 861 4101 Nunquam,
893 3994 995 4073 mihi
1032 3997 1163 4090 crede,

124 4103 187 4212 pla
198 4103 320 4184 vestra
333 4124 414 4185 tam
425 4103 592 4184 decenter
602 4106 768 4199 ornavit,
781 4103 902 4213 quim
916 4125 958 4186 tu
979 4107 1163 4188 Solorum

124 4215 187 4324 pla
222 4220 390 4325 egregiis
426 4217 501 4296 tuis
536 4216 677 4295 ornasti
715 4217 952 4312 soloecismis,
991 4247 1164 4327 quorum

124 4347 272 4406 amenta
285 4327 371 4408 sane
384 4327 828 4436 sempiternanunquam
841 4330 1070 4410 interibunt.
1100 4335 1164 4411 Te

124 4465 152 4518 n
179 4467 317 4519 omnes
342 4440 486 4533 soloeci,
506 4458 545 4518 te
570 4459 781 4548 patronum
808 4461 890 4521 tam
916 4441 1086 4551 praedare
1114 4442 1163 4523 de

124 4552 328 4659 nunicipio
345 4553 531 4632 meritum
553 4553 684 4632 colent
706 4553 867 4661 posthac
895 4555 935 4633 in
961 4553 1100 4648 secula,
1123 4574 1164 4634 et

124 4661 274 4758 abunt3
307 4664 346 4742 in
363 4665 598 4744 memoriam
612 4666 732 4745 etiam
746 4666 979 4773 eloquentia»
996 4685 1070 4744 tuae
1081 4683 1163 4746 tam

124 4802 179 4869 iae,
197 4803 276 4856 non
296 4773 455 4856 Scholas
474 4775 673 4886 discipulis
694 4778 785 4871 tuis,
801 4777 865 4857 sed
871 4775 1039 4885 stabulos
1056 4776 1164 4858 dica·
