2888 5204
142 162 221 264 248
410 153 502 245 Pro
527 146 712 281 Populo
739 145 1006 279 Anglicano

141 355 268 435 neque
285 331 384 409 tanti
398 330 569 409 nominis
582 328 811 422 adversario,
828 356 953 435 neque
970 327 1085 408 tantis
1100 327 1213 407 rebus
1227 327 1280 407 di-

142 439 275 521 cendis
294 440 421 520 visum
442 442 651 550 imparem,
678 440 728 520 ab
751 439 840 549 ipfis
860 439 993 549 patriae
1017 438 1281 520 liberatoribus

141 548 211 630 has
222 570 350 660 partes
366 551 552 662 accepisse
568 553 775 631 communi
787 550 971 631 omnium
985 549 1172 632 consensu
1188 547 1282 631 ultrb

141 662 302 757 delataS,
324 683 368 743 ut
385 663 540 743 causam
554 684 593 744 et
612 663 751 773 populi
763 662 991 771 Anglicani,
1003 681 1044 742 et
1057 663 1177 770 ipsius
1195 659 1283 742 adeb

144 773 369 870 Libertatis,
389 775 505 883 fiquis
522 802 699 882 unquam
718 775 832 868 alius,
848 772 1006 882 publice
1020 772 1281 860 defenderem.

23 935 25 938 >
145 884 362 978 Postremo,
378 887 419 965 in
436 914 476 965 re
494 907 574 965 tam
586 886 706 966 ardurl
719 905 760 965 et
774 885 1058 993 expediationis
1077 884 1209 995 plend,
1221 912 1283 964 ue·

143 1024 220 1103 que
241 999 392 1077 civium
408 1026 589 1079 meorum
608 998 657 1077 de
673 1025 737 1075 me
754 997 830 1076 five
849 995 974 1105 spem,
994 996 1071 1076 live
1083 997 1283 1102 Judicium

142 1107 241 1187 illud
262 1106 455 1202 fefellisse,
478 1137 605 1216 neque
625 1127 852 1188 exterorum
871 1136 993 1217 quam
1024 1108 1181 1189 lurimis
1198 1134 1282 1189 cum

143 1220 268 1300 dostis
279 1221 387 1313 viris,
401 1241 487 1300 tum
503 1247 634 1300 rerum
651 1220 785 1328 peritis
800 1248 878 1298 non
893 1136 1137 1315 satistltcilse3
1156 1220 1282 1300 adver·

145 1331 288 1410 sarium
305 1330 411 1425 verb,
425 1333 604 1440 quamvis
617 1330 988 1425 audaciffimum,ita
1001 1329 1232 1439 profligalsse,
1246 1349 1282 1409 ut

145 1443 277 1522 animo
304 1442 418 1522 fimul
444 1464 484 1524 et
507 1443 794 1522 existimatione
820 1441 941 1522 stada
963 1441 1144 1538 cederet;
1174 1444 1280 1523 trien·
1320 1500 1322 1511 .

147 1554 292 1660 nioque
320 1573 418 1647 toto,
436 1582 516 1661 quo
535 1555 666 1663 postea
679 1555 796 1647 vixit,
808 1554 933 1633 multa
945 1553 1039 1633 licet
1058 1555 1227 1634 minatus
1243 1578 1280 1633 ac

144 1663 330 1757 fremens,
345 1664 493 1744 nullam
511 1683 643 1744 tamen
663 1666 833 1774 amplius
849 1665 1072 1744 molestiam
1090 1666 1203 1746 nobis
1221 1691 1278 1745 ex-

144 1773 312 1868 hiberet,
328 1775 399 1854 nili
414 1776 521 1883 quod
534 1777 807 1857 viliffimorum
820 1777 1069 1883 quorundam
1081 1775 1278 1857 hominum

144 1885 348 1966 obscuram
356 1916 517 1996 operam
529 1888 693 1968 subfidio
704 1887 774 1966 sibi
782 1906 1065 1995 corrogaret,et
1077 1889 1277 1970 laudatores

143 1998 272 2078 nescio
293 2027 391 2106 quos
404 2001 467 2078 ine
499 2019 557 2079 tos
577 2019 693 2108 atque
714 2000 963 2092 immodicos,
979 1999 1028 2079 ad
1048 2002 1276 2109 inopinatam
1316 1966 1322 2091 l

146 2138 191 2189 ac
206 2128 404 2191 recentem
416 2028 636 2205 insimiam,
652 2112 761 2218 fiquo
774 2111 895 2191 modo
907 2111 1043 2219 posset,
1057 2111 1278 2191 sarciendam
1318 2102 1322 2223 j

144 2220 393 2315 subornaret;
414 2222 521 2329 quod
537 2222 668 2302 statim
679 2221 843 2331 patebit.
902 2224 1002 2302 Haec
1018 2249 1093 2331 ego
1107 2225 1280 2303 divinitus

145 2330 248 2411 mihi
259 2332 435 2411 accidisse
450 2333 565 2427 bona,
577 2353 615 2412 et
630 2361 773 2440 magna
784 2334 947 2441 quidem
961 2353 1083 2428 ratus,
1092 2330 1285 2445 appositis·

146 2444 240 2522 s1ma
257 2442 426 2551 denique
447 2472 523 2523 non
544 2443 665 2524 modb
690 2445 739 2523 ad
762 2444 1032 2554 persolvendas
1059 2447 1214 2526 numini
1237 2468 1287 2525 ex

147 2553 280 2633 debito
295 2555 452 2661 gratias,
468 2554 530 2633 sed
543 2556 591 2634 ad
606 2555 825 2665 auspicium
845 2585 1003 2664 quoque
1015 2559 1215 2666 optimum
1228 2558 1294 2637 in·

64 2706 67 2710 “
144 2664 269 2745 stituti
288 2667 416 2773 operis
436 2667 689 2775 capiendum,
708 2695 802 2746 cum
822 2670 1087 2762 veneratione,
1108 2688 1154 2749 ut
1174 2668 1287 2760 facio,

145 2776 342 2886 imprimis
366 2779 713 2857 commemoranda
732 2779 806 2858 esse
825 2767 935 2863 duxi.
995 2780 1106 2859 Nam
1131 2782 1219 2888 quis
1237 2777 1296 2859 est

147 2889 216 2995 qui
229 2890 361 2997 patriae
375 2888 514 2968 decora
530 2917 608 2969 non
624 2888 833 2970 arbitretur
852 2890 944 2969 sna?
964 2890 1061 2998 quid
1075 2895 1209 3001 patriae
1222 2919 1290 2972 cu·

140 2997 324 3106 jusquam
347 2998 420 3078 esse
446 3002 571 3107 magis
595 3002 729 3080 decori
757 3022 823 3082 aut
848 3002 981 3108 gloriae
1006 3001 1148 3111 potest,
1172 3029 1289 3112 quam

146 3109 403 3203 libertas,non
415 3111 525 3190 civili
539 3130 693 3191 tanturn
704 3112 876 3206 vitae,sed
889 3113 1023 3193 divino
1035 3115 1156 3194 etiam
1168 3113 1290 3196 cultui

91 3326 93 3331 Ι
147 3222 343 3302 restituta?
359 3250 446 3331 quae
459 3250 569 3330 gens,
583 3251 668 3330 quae
681 3224 816 3303 civitas
828 3243 894 3303 aut
907 3222 1060 3304 felicius
1072 3245 1141 3306 aut
1157 3224 1291 3306 fortius

147 3330 249 3413 hanc
266 3334 335 3413 fibi
354 3333 565 3442 utrobique
586 3336 768 3444 peperit?
796 3336 958 3414 Etenim
979 3334 1186 3431 fortitudo,
1201 3364 1291 3417 cum

36 3525 40 3533 ,
146 3472 225 3524 non
242 3463 323 3525 tota
345 3445 385 3523 in
401 3443 507 3525 bello
527 3465 643 3553 atque
659 3447 777 3526 armis
796 3449 954 3538 eniteat,
972 3446 1035 3526 sed
1051 3467 1188 3528 contra
1207 3477 1290 3529 om·

147 3583 215 3635 nes
234 3554 343 3663 aeque
359 3554 588 3636 formidines
601 3555 796 3636 diffundat
813 3560 896 3636 vim
911 3557 1020 3638 suam
1035 3577 1153 3668 atque
1174 3561 1290 3640 intre-

61 3690 66 3699 ·
108 3676 113 3686 '
147 3666 239 3775 pida
252 3665 310 3759 fit,
326 3666 454 3745 Graeci
471 3668 633 3776 quidem
649 3667 723 3760 illi,
738 3695 836 3774 quos
853 3667 1029 3748 maxime
1041 3670 1294 3762 admiramur,

147 3796 187 3856 et
208 3777 396 3869 Romani,
415 3778 463 3857 ad
484 3778 675 3858 tollendos
694 3806 745 3857 ex
765 3778 987 3860 civitatibus
1005 3800 1189 3887 tyrannos
1209 3782 1294 3861 nul·

148 3889 227 3967 lam
240 3886 320 3967 sere
336 3889 539 3982 virtutem,
551 3908 688 3998 praeter
704 3889 876 3969 studium
893 3891 1098 3986 libertatis,
1113 3894 1293 4002 expedita

147 4027 269 4094 arma,
286 4001 562 4110 promptasque
583 4027 721 4080 manus
736 4002 923 4098 attulere;
944 4004 1093 4083 Caetera
1104 4006 1242 4086 omnia
1255 4005 1299 4083 in,

146 4112 327 4221 proclivi,
341 4112 441 4190 inter
460 4111 592 4191 laudes
607 4112 789 4191 omnium
806 4133 846 4193 et
865 4113 1035 4221 plausus,
1048 4133 1087 4194 et
1106 4115 1194 4195 laeta
1209 4144 1294 4197 om·

148 4225 226 4316 nia,
243 4221 504 4333 peragebant3
527 4250 598 4301 nec
613 4241 693 4301 tam
708 4223 756 4300 ad
770 4223 980 4303 discrimen
999 4245 1039 4305 et
1058 4226 1295 4336 ambiguum

148 4334 299 4416 facinus
319 4330 439 4441 quam
455 4334 503 4413 ad
518 4353 715 4415 certamen
730 4335 884 4416 virtutis
895 4335 1223 4445 gloriosissimum
1241 4357 1299 4421 at-
