2888 5204
143 201 218 282 152
407 162 496 254 Pro
524 153 708 289 Populo
736 152 1001 285 Anglicano

143 363 233 416 rum
248 351 363 414 erunt
382 334 538 443 quinque
552 333 700 424 milites,
716 332 873 441 quinque
892 333 992 412 cives
1006 333 1048 410 id
1060 332 1118 410 est
1134 331 1292 411 urbium

144 446 329 553 delegati,
339 445 497 555 quinque
510 444 735 552 municipes:
755 461 792 524 et
810 441 879 524 duo
891 444 1027 524 milites
1032 462 1109 554 pro
1120 446 1296 524 comitatu

143 557 316 665 majorem
338 586 460 637 vocem
485 555 620 636 habent
646 558 685 635 in
710 554 925 635 concedendo
954 575 992 636 et
1016 553 1296 636 contradicendo

145 669 254 781 qulm
265 668 385 776 major
394 697 507 750 comes
516 669 691 775 Anglii&
712 687 752 746 et
764 667 906 748 merito
919 668 1101 775 quidem,
1116 669 1177 747 illi
1192 668 1296 747 enim

148 810 221 892 pro
241 801 322 861 tota
335 781 466 891 aliqua
482 782 697 889 provincia,
713 798 781 858 aut
799 781 1019 889 municipio
1035 779 1224 889 suffragia
1241 778 1297 858 fe-

149 914 255 987 runt,
277 894 339 972 isti
358 922 430 1002 pro
449 892 486 970 se
510 891 674 1002 quisque
698 891 901 971 duntaxat.
961 892 1144 973 Comites
1166 910 1298 971 autem

149 1005 236 1086 illos
253 1003 509 1095 Codicillares;
530 1032 629 1113 quos
644 1031 773 1096 vocas,
786 1021 826 1081 et
837 1001 1091 1113 rescriptittis,
1106 1026 1205 1083 cum
1215 1001 1298 1083 feu·

151 1118 255 1197 dales
274 1118 359 1223 jam
386 1117 485 1195 nulli
516 1116 603 1209 sint,
633 1116 681 1195 ad
705 1115 965 1220 judicandum
999 1142 1137 1222 regem
1168 1113 1192 1195 ”a
1222 1141 1300 1225 quo

151 1230 380 1310 creabantur
403 1225 570 1307 minime
596 1228 777 1307 omnium
808 1226 969 1307 idoneos
992 1226 1082 1330 effe,
1110 1229 1203 1336 quis
1226 1252 1300 1306 non

153 1343 287 1422 videt?
318 1342 427 1420 Cum
444 1341 574 1447 itaque
588 1339 653 1445 jus
668 1338 841 1417 nostrum
861 1339 921 1432 fit,
938 1357 982 1418 ut
1000 1339 1056 1418 est
1070 1341 1113 1417 in
1126 1339 1200 1418 illo
1218 1338 1300 1448 spe·

154 1455 245 1534 culo
258 1454 433 1560 antiquo,
451 1479 585 1559 regem
604 1450 748 1531 habere
767 1477 893 1559 pares,
909 1453 979 1559 qui
995 1452 1035 1530 in
1053 1450 1303 1530 Parlamento

154 1564 390 1671 cognoscant
411 1583 451 1642 et
468 1562 663 1667 judicent,
678 1563 722 1669 ſs
737 1561 829 1672 quid
850 1592 918 1642 rex
941 1563 981 1643 in
998 1563 1156 1671 aliquem
1176 1560 1307 1672 populi

141 1676 214 1782 sui
221 1674 453 1784 peccaverit,
469 1675 496 1753 fi
512 1675 755 1755 notiffrmum
770 1673 815 1752 fit
828 1674 945 1754 licere
965 1676 1070 1784 apud
1089 1702 1162 1754 nos
1179 1675 1304 1754 cuivis

156 1787 178 1868 ὲ
200 1787 348 1897 populo
373 1788 413 1865 in
438 1786 657 1866 minoribus
684 1785 901 1894 quibusque
927 1786 1304 1892 curiis·injuriarum

156 1901 352 1979 aclionem
366 1899 450 2005 regi
464 1899 679 1992 intendere,
691 1915 837 2006 quanto
842 1898 983 2004 justius
994 1897 1065 1990 est,
1078 1917 1306 2007 quantoque

158 2012 284 2119 magis
305 2010 571 2103 neceffarium‚
593 2010 620 2089 ss
639 2038 709 2089 rex
730 2010 769 2087 in
790 2010 986 2090 universos
1003 2011 1241 2119 peccaverit,
1264 2026 1307 2088 ut

158 2121 299 2203 habeat
314 2123 384 2231 qui
400 2151 493 2202 eum
509 2150 586 2202 non
607 2119 807 2201 refraenare
829 2120 956 2202 solum
970 2141 1010 2202 et
1025 2130 1223 2214 coercere,
1244 2119 1306 2199 sed

152 2234 329 2341 judicare
343 2253 383 2314 et
398 2235 536 2343 punire
556 2234 711 2345 poffint.
772 2233 937 2314 Peffime
955 2236 1063 2313 enim
1082 2254 1123 2314 et
1143 2229 1307 2315 ridicule

160 2345 377 2427 institutam
394 2345 568 2425 eliceam
585 2344 731 2425 neceffe
745 2345 801 2424 est
816 2345 996 2455 rempub.
1015 2348 1056 2425 in
1072 2373 1151 2454 qua
1166 2346 1216 2425 de
1230 2344 1308 2424 rni-

159 2458 277 2538 nimis
296 2485 436 2566 regum
453 2458 602 2563 injuriis
618 2458 738 2537 etiam
753 2458 905 2565 privato
925 2458 1049 2539 cuivis
1064 2476 1229 2537 cautum
1248 2457 1307 2549 rit,

160 2573 208 2650 de
225 2571 409 2650 maximis
430 2568 531 2649 nihil
547 2570 587 2647 in
605 2596 817 2649 commune
833 2569 1047 2679 provisum,
1065 2567 1168 2648 nihil
1180 2569 1231 2647 de
1252 2567 1308 2647 sa·

161 2682 242 2764 lute
263 2683 459 2774 omnium,
475 2709 556 2789 quo
573 2678 703 2760 minus
723 2680 838 2762 liceat
853 2683 890 2760 ei
906 2680 1102 2761 universos
1122 2682 1201 2760 fine
1222 2681 1309 2788 lege

161 2795 338 2904 perdere,
355 2795 425 2901 qui
444 2820 493 2873 ne
513 2821 638 2873 unum
657 2792 820 2900 quidem
836 2794 972 2873 laedere
992 2822 1062 2903 per
1081 2794 1214 2900 legem
1237 2821 1310 2902 po-

162 2925 274 2987 terat.
306 2905 484 2985 Comites
497 2924 630 2985 autem
643 2905 716 2984 effe
730 2904 1312 3012 regisjudices,cumostensum

162 3020 207 3098 fit
227 3045 353 3126 neque
377 3017 514 3096 decere
544 3045 669 3125 neque
695 3017 895 3126 expedire,
921 3017 1092 3126 sequitur
1110 3016 1313 3121 judicium

163 3131 260 3212 illud
282 3148 410 3210 totum
426 3130 473 3208 ad
494 3128 697 3237 plebeium
711 3129 904 3222 ordinem,
918 3131 987 3238 qui
1001 3148 1041 3209 et
1056 3156 1165 3238 pares
1182 3130 1311 3236 regni,

163 3262 202 3325 et
231 3245 415 3334 Batones,
443 3259 482 3320 et
506 3240 644 3351 populi
670 3241 789 3319 totius
815 3242 1002 3350 potestate
1033 3241 1102 3320 fibi
1134 3240 1315 3349 delegati

163 3356 312 3464 praediti
335 3353 435 3447 sunt,
449 3352 539 3458 jure
553 3353 708 3461 optimo
724 3354 931 3460 pertinere.
993 3355 1100 3431 Cum
1119 3353 1230 3430 enirn
1252 3353 1315 3459 (ut

164 3469 206 3546 in
225 3466 352 3546 nostro
369 3466 458 3569 jure
483 3464 670 3573 scriptum
693 3464 762 3558 est,
789 3465 895 3571 quod
915 3463 1026 3573 supra
1046 3463 1178 3569 attuli)
1203 3463 1316 3575 plebs

166 3577 242 3657 sola
258 3604 351 3655 curn
365 3602 455 3682 rege
472 3576 549 3655 srne
569 3575 781 3655 comitibus
799 3595 866 3654 aut
881 3577 1071 3685 episcopis
1091 3574 1316 3685 parlamen-

154 3682 253 3769 'tum
273 3686 496 3781 constituat,
516 3688 609 3795 quia
630 3714 699 3765 rex
723 3714 817 3766 cum
844 3686 922 3767 sola
945 3689 1060 3797 plebe
1083 3688 1206 3769 etiam
1224 3708 1316 3768 ante

164 3799 329 3880 comites
345 3818 412 3878 aur
425 3798 626 3907 episcopos
645 3817 768 3891 natos,
786 3800 1032 3880 Parlamenta
1047 3827 1235 3910 peragere
1255 3800 1317 3879 so·

166 3912 285 4005 lebat,
311 3911 449 3990 eisdem
469 3908 619 4017 pr'orsus
640 3911 787 3990 ratione
807 3910 917 4020 plebs
937 3911 1015 3992 sola
1033 3912 1260 4021 supremam
1280 3931 1320 3991 et

168 4025 245 4123 fine
261 4050 366 4130 rege,
384 4039 424 4101 et
438 4048 573 4128 regem
589 4020 717 4129 ipsum
730 4020 934 4126 judicandi
946 4024 1178 4133 potestatem
1191 4019 1318 4118 habe·

168 4138 241 4230 bit,
261 4134 368 4246 qubd
383 4133 503 4214 etiam
518 4152 606 4212 ante
622 4132 752 4211 ullum
766 4160 902 4242 regem
919 4156 1109 4228 creatum,
1126 4134 1208 4243 ipsa
1227 4135 1320 4216 uni·

168 4250 262 4332 versi
284 4247 423 4359 populi
443 4245 603 4325 nomine
618 4243 784 4344 concilia
800 4264 840 4324 et
854 4247 1099 4327 Parlamenta
1115 4274 1318 4356 peragere,

163 4362 354 4467 judicare,
368 4355 469 4438 ferre
484 4357 605 4467 leges,
621 4355 702 4466 ipsa
717 4384 827 4466 reges
842 4386 972 4439 creare
991 4358 1099 4440 solita
1119 4378 1222 4457 erat;
1240 4387 1320 4440 non
