2888 5204
159 181 234 287 318
424 170 515 260 Pro
543 163 727 297 Populo
754 162 1024 296 Anglicano

155 340 307 420 summa
327 367 490 447 quaeque
512 359 691 449 tempora
708 337 895 419 fiduciam
916 340 1008 419 Deo
1023 337 1169 418 fretam
1185 357 1224 417 et
1241 339 1285 416 in

152 472 314 560 gentem
326 454 506 531 animum
520 453 638 531 tacito
658 455 815 561 pedlore
831 451 994 532 aluerat.
1056 450 1291 531 Parlamento

152 563 202 644 ab
222 594 314 674 rege
334 565 524 644 ultimum
542 582 783 657 convocato·
795 564 854 644 sui
880 564 1096 671 municipii
1119 562 1292 670 suffragiis

152 678 274 757 lectus
305 677 553 755 Senatorium
581 702 724 755 munus
754 674 940 768 obtinuit,
975 676 1061 754 illic
1093 674 1292 756 rediiffim‘t

154 788 351 869 sententiis
368 788 613 896 confiliisque
625 787 852 868 firmiflimis
865 788 995 868 statim
1008 788 1203 868 innotuit:
1224 784 1291 865 Ubi

152 901 201 980 ad
215 929 324 981 arma
339 902 553 980 deventum
568 900 638 993 est,
655 900 782 979 delata
794 899 860 980 sua
874 928 1009 1007 opera,
1025 902 1212 1008 equitum
1222 920 1289 979 tur·

154 1040 228 1092 mae
238 1013 463 1123 praeficitur3
478 1011 542 1091 sed
555 1012 751 1091 bonorum
763 1015 938 1092 virorum
952 1012 1161 1105 concursu,
1168 1013 1216 1092 ad
1226 1011 1290 1118 ejus

154 1125 260 1233 figna
279 1127 454 1232 undique
474 1123 774 1217 confluentium,
801 1128 936 1204 nudius
958 1125 1101 1233 copiis,
1121 1144 1162 1204 et
1181 1124 1288 1231 gella·

155 1267 244 1317 rum
258 1267 390 1318 rerum
404 1237 674 1344 magnitudine
687 1256 726 1315 et
739 1236 937 1316 celeritate
949 1235 1189 1316 conficiendi
1201 1235 1288 1315 surn-

154 1378 241 1430 mos
271 1349 353 1430 fere
382 1351 500 1429 duces
525 1349 634 1427 brevi
659 1347 864 1457 superavit.
923 1348 1015 1428 Nec
1042 1351 1217 1442 mirum;
1243 1344 1287 1426 sui
1328 1398 1330 1403 ·

153 1464 263 1543 euim
282 1462 463 1542 noscendi
479 1461 815 1541 exercitatiffimus
836 1460 965 1555 miles,
984 1461 1179 1570 quicquid
1200 1464 1287 1540 intus

155 1571 274 1653 hostis
298 1593 395 1667 erat,
424 1574 508 1682 spes
537 1600 666 1666 vanas,
693 1592 836 1666 metus,
859 1574 1111 1682 cupiditates,
1135 1573 1238 1684 apud
1259 1569 1287 1651 so
1327 1579 1330 1586 '

154 1687 262 1794 prius
281 1706 349 1764 aut
368 1686 578 1778 deleverat,
598 1705 666 1764 aut
685 1683 857 1765 subactas
866 1684 952 1791 jam
970 1684 1186 1782 habuerat;
1206 1681 1287 1765 inlr
1325 1780 1328 1787 Δ

154 1793 262 1906 prius
283 1797 510 1908 imperator,
531 1796 588 1876 sui
607 1797 746 1890 vidior,
767 1797 816 1876 de
836 1797 873 1877 se
893 1795 1143 1907 potiffimltm
1163 1799 1287 1878 trium·

153 1908 275 2019 phare
295 1910 498 2002 didicerat,
517 1911 648 2016 itaque
662 1909 711 1988 a‘d
726 1932 936 1989 externum
956 1907 1111 1990 hostem
1127 1938 1208 2018 quo
1220 1911 1287 2020 pri·
1325 1966 1332 1990 a

155 2050 268 2102 mum
289 2023 352 2102 die
380 2023 419 2101 in
443 2022 562 2102 castra
584 2023 705 2114 venit,
726 2041 944 2114 veteranus,
971 2040 1012 2101 et
1038 2023 1080 2101 in
1107 2023 1176 2102 illa
1193 2018 1289 2103 omui
1329 2080 1332 2101 a

153 2134 331 2219 castrenfi
346 2134 487 2213 militia
499 2132 791 2213 consummatus
805 2134 973 2213 accellit.
1009 2133 1110 2214 Non
1128 2133 1186 2213 est
1203 2133 1289 2213 utin
1326 2196 1332 2211 .

153 2245 214 2326 his
233 2246 371 2355 poffim
391 2246 576 2326 orationis
593 2245 826 2338 carceribus,
853 2264 912 2324 tot
930 2245 1046 2324 urbes
1069 2263 1218 2355 captas,
1242 2261 1290 2325 tot
1327 2245 1331 2257 '

155 2359 284 2467 praelia
300 2359 517 2466 etquidem
535 2357 724 2450 maxima,
745 2357 944 2465 inquibus
961 2384 1168 2466 nunquam
1179 2359 1291 2436 vidtur
1328 2383 1333 2431 1

153 2489 221 2549 aut
240 2469 359 2561 fusus,
374 2471 647 2550 Britannicum
663 2470 800 2548 orbem
816 2488 945 2551 totum
962 2470 1164 2550 continuis
1176 2471 1290 2549 vitto-
1330 2495 1333 2543 :

155 2582 220 2661 riis
234 2583 466 2689 peragravit,
477 2610 549 2691 pro
564 2583 755 2690 dignitate
768 2610 900 2662 rerum
912 2585 1076 2689 exequi;
1096 2609 1187 2689 quae
1194 2581 1292 2687 juste

155 2691 242 2772 sane
267 2690 434 2773 historiae
452 2695 601 2801 grande
619 2721 733 2803 opus,
758 2714 797 2772 et
821 2695 966 2773 iterum
985 2695 1093 2801 quafi
1113 2720 1292 2803 campum

153 2806 350 2912 quendam
371 2807 542 2899 dicendi,
567 2825 606 2885 et
626 2825 825 2913 exaequata
844 2806 958 2885 rebus
981 2807 1166 2885 narrandi
1186 2805 1293 2917 spatia

153 2918 383 2997 defiderant.
444 2919 596 2997 Sufficit
620 2916 696 2997 hoc
717 2919 878 2998 unicum
899 2918 1101 3027 fingularis
1121 2937 1163 2998 et
1183 2943 1292 3027 prope

154 3031 294 3109 divinae
321 3031 476 3110 virtutis
502 3030 711 3121 indicium,
737 3049 886 3109 tantam
905 3032 945 3109 in
966 3059 1013 3110 eo
1038 3029 1205 3138 viguiffe
1227 3029 1291 3108 five

153 3144 276 3222 animi
295 3143 377 3221 vim
394 3161 509 3249 atque
526 3143 690 3248 ingenii,
712 3141 786 3220 five
799 3141 1008 3249 disciplina
1023 3170 1103 3221 non
1123 3143 1175 3223 ad
1194 3141 1288 3221 mili·

153 3275 277 3335 tarem
299 3255 433 3347 modo,
451 3254 514 3332 sed
540 3254 587 3332 ad
616 3252 882 3333 Christianam
906 3256 1036 3362 potius
1059 3283 1241 3335 normam
1257 3269 1288 3329 et

153 3368 451 3446 sanclimoniam
475 3365 671 3460 institutae,
696 3386 741 3446 ut
760 3393 897 3446 omnes
915 3366 964 3445 ad
984 3365 1050 3445 sua
1072 3367 1196 3448 castra
1214 3387 1286 3446 tan·

152 3507 273 3587 quam
287 3479 334 3556 ad
346 3480 545 3587 optimum
559 3507 637 3558 non
653 3479 829 3558 militatis
841 3478 1032 3558 duntaxat
1043 3479 1223 3572 scientiae,
1236 3473 1286 3556 sed

56 3656 63 3671 .
152 3590 353 3695 religionis
372 3618 416 3668 ac
440 3590 595 3698 pietatis
619 3591 882 3698 gymnafium‚
909 3591 971 3669 vel
993 3589 1080 3696 jam
1109 3590 1233 3671 bonos
1256 3605 1287 3666 ct

152 3699 271 3780 fortes
286 3703 460 3808 undique
472 3700 696 3796 attraheret,
709 3702 771 3781 vel
787 3701 1288 3812 tales‚ips1usmaximeex·

150 3813 300 3920 emplo,
321 3813 518 3892 efficeret:
550 3813 689 3922 eosque
706 3833 788 3894 toto
808 3815 918 3907 belli,
937 3815 1044 3924 pacis
1060 3816 1184 3895 etiam
1204 3841 1289 3895 non·

150 3951 354 4031 nunquam
374 3925 614 4005 intermediae
634 3947 827 4036 tempore,
848 3955 920 4037 per
938 3946 996 4006 tot
1014 3928 1243 4007 animorum
1259 3941 1291 4004 et

149 4065 282 4116 rerum
298 4037 591 4129 viciffitudines,
613 4066 691 4118 non
713 4039 985 4146 largitionibus
1005 4056 1046 4118 et
1064 4039 1233 4120 militari
1250 4039 1292 4118 li·

148 4151 291 4244 centia,
308 4147 370 4228 sed
385 4145 618 4229 authoritate
635 4169 675 4229 et
688 4150 768 4230 solo
788 4150 996 4258 stipendio,
1010 4151 1294 4231 adversantibus

148 4262 241 4341 licet
261 4262 411 4352 multis,
429 4262 469 4339 in
486 4262 616 4341 officio
632 4265 849 4342 contineret
868 4280 909 4340 et
927 4259 1056 4342 adhuc
1074 4264 1293 4344 contineat:

146 4401 224 4481 qua
244 4373 407 4480 quidem
429 4374 542 4452 laude
564 4401 690 4481 neque
708 4376 830 4481 Cyro,
852 4402 980 4482 neque
998 4376 1295 4484 Epaminonda,
