2888 5204
464 521 705 624 Defensm.
747 530 865 661 Cap.
898 559 942 627 2.
1246 568 1297 651 39

142 701 293 811 aliquid
323 721 420 784 erat.
481 703 696 784 Constituit
714 701 925 809 Jehoiadas
954 733 1090 813 regem
1113 703 1294 810 Joasum,

143 812 272 894 foedus
304 835 437 895 tamen
468 815 609 895 eodem
640 834 818 925 tempore
844 818 998 924 pepigit
1026 818 1129 897 inter
1159 845 1295 925 regem

141 945 181 1004 et
199 926 417 1036 populum.
449 953 472 1006 2
495 928 597 1033 Reg.
625 954 689 1006 11.
720 929 809 1007 Hos
829 955 955 1035 reges,
976 956 1126 1008 necnon
1147 947 1186 1009 et
1202 929 1295 1008 reli·

141 1065 243 1144 quos
273 1037 440 1119 Davidis
467 1038 640 1148 posteros
669 1061 708 1119 et
735 1035 758 1118 ὲ
786 1040 877 1118 Deo
905 1058 945 1119 et
969 1037 991 1118 ὲ
1019 1041 1169 1149 populo
1197 1068 1294 1120 con-

143 1150 300 1230 stitutos
320 1148 468 1244 fateor;
500 1170 656 1231 caeteros
676 1179 827 1245 ornnes,
848 1152 1075 1259 ubicunque
1099 1154 1295 1261 gentium,

142 1258 349 1371 ipopulo
377 1259 535 1342 tantum
562 1263 790 1343 constitutos
825 1263 900 1342 effe
939 1263 1117 1358 affirm03
1161 1283 1204 1343 tu
1235 1261 1296 1344 os-

143 1372 262 1452 tende
288 1372 520 1455 constitutos
546 1374 620 1453 effe
640 1371 662 1453 a
686 1375 799 1468 Deo;
831 1375 902 1454 nisr
927 1376 972 1456 ed
996 1372 1123 1454 solum
1146 1376 1295 1455 ratione

143 1483 223 1591 qud
242 1485 378 1564 omnia
396 1482 492 1565 cirm
510 1486 687 1575 maxima
707 1483 794 1566 ti1m
815 1486 980 1567 minima
999 1484 1022 1565 ὲ
1041 1487 1132 1566 Deo
1152 1485 1236 1565 fieri
1257 1505 1297 1566 et

143 1596 333 1676 constitui
362 1597 560 1677 dicuntur.
622 1598 775 1677 Solium
806 1599 938 1706 itaque
970 1596 1136 1678 Davidis
1173 1626 1296 1706 pecu-

142 1707 232 1786 liari
266 1708 442 1817 quodam
464 1708 555 1815 jure
585 1707 727 1789 solium
751 1707 914 1813 Jehovae
943 1709 1112 1802 dicitur;
1154 1708 1296 1789 solium

143 1819 318 1899 aliorum
337 1845 478 1926 regum
491 1847 569 1899 non
584 1821 676 1914 alio,
694 1840 811 1929 atque
827 1840 962 1901 caetera
973 1820 1120 1917 omnia,
1135 1819 1296 1925 Jehovae

143 1929 248 2010 sunt.
309 1931 432 2043 Qod
452 1949 496 2011 tu
522 1960 573 2011 ex
599 1931 742 2012 eodem
762 1934 891 2040 capite
921 1933 1095 2012 didicisse
1117 1933 1293 2040 potuisti.

144 2068 182 2120 v.
210 2067 278 2136 11,
297 2069 361 2123 12.
382 2061 452 2123 tua
456 2042 553 2149 stunt
571 2045 690 2125 omnia
708 2044 746 2124 in
763 2045 850 2124 culo
869 2061 906 2123 et
924 2044 962 2123 in
981 2063 1103 2137 terra,
1115 2062 1221 2124 tuum
1232 2044 1294 2152 est,

145 2153 319 2261 Jehova,
337 2184 506 2262 regnum,
518 2154 663 2235 droitiae
682 2172 719 2235 et
729 2155 854 2263 gloria
873 2154 899 2234 ci
903 2155 1014 2263 facie
1032 2155 1217 2262 tuasunt,
1237 2155 1297 2235 vis

144 2284 182 2346 et
199 2266 388 2374 potentia,
413 2285 491 2347 etc.
550 2267 788 2374 Diciturque
808 2266 885 2347 hoc
905 2267 1033 2360 toties,
1054 2295 1132 2346 non
1162 2285 1208 2346 ut
1234 2268 1297 2344 in-

147 2377 368 2458 tumescant
387 2405 512 2485 reges,
530 2378 594 2458 sed
615 2397 660 2458 ut
678 2398 926 2472 moneantur,
943 2379 1123 2486 quamvis
1136 2378 1244 2456 Deos
1261 2375 1297 2455 se

146 2489 222 2569 effe
250 2509 405 2598 putent,
433 2491 570 2569 Deum
598 2508 729 2570 tamen
756 2491 869 2598 supra
893 2489 930 2568 se
951 2489 1039 2584 effe,
1066 2490 1132 2568 cui
1154 2488 1299 2568 debent

146 2602 298 2681 omnia.
359 2602 477 2681 Unde
497 2600 564 2680 illa
578 2603 810 2682 Effenorum
823 2622 863 2683 et
879 2603 1090 2681 Poetarum
1109 2600 1298 2692 dodtrina,

148 2740 259 2820 reges
278 2713 441 2818 nonfine
458 2714 557 2806 Deo,
577 2729 614 2793 et
632 2713 681 2793 ab
700 2711 804 2819 Jove
823 2714 887 2823 effe
904 2711 1019 2792 facile
1038 2712 1297 2819 intelligitur3

146 2852 288 2905 omnes
305 2825 416 2904 enirn
439 2822 620 2905 homines
640 2822 662 2904 ὲ
686 2826 777 2904 Deo
803 2825 943 2904 itidem
966 2823 1113 2918 sumus,
1140 2824 1300 2931 Deique

147 2963 290 3043 genus.
348 2937 423 3040 Jus
442 2937 566 3043 igitur
583 2935 661 3015 hoc
681 2935 905 3016 universum
921 2936 1015 3029 Dei,
1029 2962 1107 3014 non
1123 2934 1227 3014 tollit
1235 2934 1300 3038 jus

147 3048 318 3157 populi;
347 3076 429 3157 quo
452 3043 584 3127 minias
610 3075 747 3128 omnes
774 3049 901 3127 caeteri
928 3074 1053 3154 reges,
1072 3042 1188 3125 nona
1209 3047 1300 3125 Deo

147 3160 360 3253 nominati,
381 3187 550 3266 regnum
569 3158 684 3238 suum
703 3158 773 3238 soli
792 3157 942 3267 populo
954 3180 1161 3268 acceptum
1178 3155 1300 3236 refer·

148 3292 234 3365 ant;
255 3271 323 3351 cui
334 3291 540 3380 propterea
552 3273 744 3350 rationem
756 3269 916 3349 reddere
929 3288 1122 3350 tenentur.
1161 3268 1299 3380 Qod,

147 3410 380 3492 quanquam
391 3382 549 3490 Vulgus
567 3382 744 3462 affentari
768 3383 926 3489 regibus
946 3381 1054 3475 solet,
1077 3381 1147 3489 ipfi
1167 3398 1300 3468 tamen

125 3521 263 3601 ‚reges
292 3495 368 3574 five
396 3494 506 3586 boni,
536 3512 582 3573 ut
609 3495 851 3573 Homericus
879 3493 946 3573 ille
980 3492 1193 3601 Sarpedon,
1224 3491 1299 3570 five

147 3606 263 3699 mali,
284 3624 330 3686 ut
347 3606 409 3685 illi
426 3606 531 3715 apud
551 3605 743 3713 Lyricum
763 3606 931 3713 tyranni,
952 3603 1189 3712 agnoscunt:

207 3777 348 3858 Γλαῦκε
364 3773 422 3872 τίη
439 3771 479 3872 dii
497 3776 552 3858 noia
572 3772 811 3885 τετιμήμεσθα
827 3773 1008 3886 μάλιστα,
1029 3793 1106 3888 ete.¹

213 3889 357 3969 Glauce
374 3917 446 3968 cur
462 3917 525 3968 nos
538 3887 693 3967 maximo
711 3888 842 3967 honore
859 3887 1041 3995 cffcimur

210 4003 260 4080 In
279 3999 415 4110 Lycia,
434 4029 550 4079 omnes
568 4016 691 4079 autem
705 4029 768 4079 nos
781 4016 960 4108 tanquam
976 4000 1078 4079 Deos
1092 3997 1299 4080 intuentur.

152 4164 243 4276 lpse
257 4165 328 4244 fibi
351 4164 574 4273 responden
599 4161 694 4270 quia
706 4164 850 4242 virtute
862 4162 1007 4241 caeteris
1020 4162 1300 4269 praelucemus:

151 4304 276 4387 quare
291 4274 444 4356 fortiter
463 4302 701 4385 pugnemus,
714 4275 859 4382 inquit,
874 4301 923 4352 ne
935 4275 1051 4382 Lycii
1064 4273 1175 4354 nobis
1191 4276 1303 4382 igna-

152 4390 262 4468 viam
274 4387 485 4493 objiciant:
516 4386 596 4496 qud
614 4414 710 4466 voce
730 4406 770 4464 et
788 4383 956 4465 honores
971 4382 1135 4492 regiona
1154 4387 1303 4494 populo

152 4518 352 4609 acceptos,
367 4517 407 4579 et
418 4497 568 4579 bellicae
583 4496 928 4578 administrationis
948 4498 1141 4576 rationem
1153 4496 1304 4606 populo

151 4611 397 4693 reddendam
407 4609 481 4690 effe
496 4609 640 4690 innuit.
680 4609 785 4688 Mali
800 4628 933 4688 autem
948 4636 1072 4716 reges,
1088 4627 1133 4688 ut
1149 4626 1305 4687 metum

127 4729 134 4738 ’
152 4724 307 4836 populo
324 4721 533 4815 incutiant,
553 4722 691 4802 Deum
709 4721 868 4832 imperii
886 4720 986 4828 regii
1005 4719 1214 4800 authorem
1233 4748 1304 4829 pa·
