2888 5204
331 583 510 677 Contra
534 575 860 677 Alexandrum
885 581 1094 677 Morum.
1213 594 1291 703 365

142 749 217 829 nifi
240 750 283 831 id
308 753 357 832 ad
381 771 420 833 te
447 781 527 834 non
554 754 749 863 pertinere
778 754 1097 834 demonstrasset?
1127 754 1293 834 demon-

141 861 262 942 strare
280 883 414 944 autem
435 892 514 945 non
532 865 712 975 potuiffe,
733 886 967 972 argumento
986 865 1202 946 firmiffimo
1221 866 1292 960 est,

142 971 254 1081 quod
281 971 378 1056 cinn
406 975 532 1057 Dom.
557 974 755 1056 Thurloio
785 978 999 1057 Secretario
1027 978 1135 1057 idem
1164 975 1292 1056 denuo

142 1086 374 1194 persuadere
394 1088 526 1182 vellet,
554 1086 655 1167 nihil
683 1085 823 1168 habuit
844 1088 951 1197 quod
982 1090 1171 1182 mitteret,
1195 1116 1293 1197 prae-

143 1215 326 1305 terquam
356 1199 465 1280 idem
493 1199 592 1279 illud
619 1200 851 1308 exemplum
881 1200 1083 1279 literarum
1112 1219 1291 1294 tuarum;

144 1335 197 1388 ex
217 1337 298 1418 quo
322 1330 362 1390 et
387 1311 486 1391 illud
510 1309 625 1391 facile
649 1311 900 1423 perspicuum
926 1311 997 1405 est,
1022 1311 1184 1392 rationes
1208 1311 1293 1390 ilias

142 1421 193 1501 ad
213 1449 280 1501 me
298 1422 430 1503 allatas
450 1422 492 1503 ob
511 1452 603 1532 quas
617 1422 785 1531 optabat,
800 1451 850 1502 ne
870 1422 1013 1502 vellem
1034 1450 1126 1502 eum
1147 1421 1295 1502 librum

142 1533 345 1640 evulgare,
362 1532 463 1613 nihil
482 1534 737 1640 conjunctum
756 1563 849 1614 cum
867 1533 1055 1642 Reipubl.
1078 1533 1291 1615 rationibus

141 1639 334 1725 habuiffe.
395 1646 494 1725 Noli
511 1647 642 1754 itaque
659 1666 702 1725 tu
717 1647 846 1725 literas
863 1646 1003 1752 Legati
1017 1672 1289 1754 corrumpere:

145 1755 248 1835 nihil
268 1755 351 1836 illic
365 1759 414 1838 de
425 1758 546 1865 hostili
546 1757 708 1866 spiritu,
723 1756 824 1836 nihil
837 1758 885 1837 de
899 1757 1101 1865 importuno
1114 1773 1271 1865 tempore
1276 1788 1291 1849 ,·

144 1863 303 1947 tantirm
318 1867 436 1948 dolere
453 1869 489 1948 se
509 1868 640 1949 scribit
651 1868 795 1978 noluiffl
808 1898 864 1949 me
876 1886 1012 1975 rogatu
1017 1867 1089 1975 fito
1104 1867 1293 1948 tantillum

142 1977 399 2061 moderationis
416 1980 619 2088 ostendere:
650 1980 779 2073 idest,
803 1981 964 2061 noluiffe
988 2008 1053 2060 me
1072 1979 1140 2059 suo
1163 1980 1293 2089 priva-

145 2090 224 2169 tim
253 2111 391 2199 rogatu
422 2092 495 2172 tibi
517 2091 733 2172 adversario
757 2092 919 2201 publico
946 2120 1031 2172 rem
1057 2111 1208 2199 gratam
1236 2090 1295 2171 fa-

144 2229 259 2297 cere;
280 2231 379 2312 opus
398 2204 588 2284 excusum
608 2203 745 2309 etjam
765 2202 864 2312 pene
884 2203 1037 2284 editum
1057 2231 1235 2282 revocare
1255 2223 1295 2283 et

144 2313 196 2394 de
217 2315 370 2424 integro
387 2335 576 2395 retexere.
636 2315 878 2395 Excusatum
895 2342 959 2394 me
977 2312 1119 2394 habeat
1131 2313 1197 2394 vir
1211 2344 1292 2394 am-

138 2423 331 2532 plffnrus,
361 2447 401 2507 et
427 2426 637 2537 praesertim
659 2429 844 2533 Legatos,
875 2427 902 2505 fi
932 2425 1089 2530 injurias
1119 2424 1294 2534 publicas

145 2539 309 2646 privatis
324 2538 656 2624 interceffionibus
668 2540 887 2619 condonare
899 2538 1109 2630 noluerim,
1124 2564 1195 2616 nec
1208 2535 1295 2616 sane

145 2651 372 2756 potuerim;
411 2648 617 2756 multoque
647 2647 779 2731 minirs
812 2677 874 2729 eas
908 2649 1067 2755 injurias
1097 2649 1293 2729 Clamoris

148 2761 286 2866 Regii,
306 2789 393 2869 quae
412 2790 538 2870 neque
558 2761 607 2840 ad
625 2760 775 2841 bellum
797 2789 924 2868 neque
939 2762 986 2841 ad
1004 2787 1143 2869 pacem
1163 2757 1296 2839 recens

147 2869 295 2952 faciam
318 2873 537 2953 ullomodo
561 2872 788 2980 spectarent.
848 2872 1007 2952 Bellum
1036 2871 1133 2951 illud
1163 2889 1297 2952 contra

147 2983 319 3090 Anglos,
337 3012 415 3064 non
433 3005 568 3065 contra
590 2984 805 3093 Rempubl.
828 2980 928 3064 fuit:
959 2982 1109 3064 bellum
1125 2983 1297 3063 vestrum

147 3121 230 3174 non
256 3114 391 3176 contra
409 3097 577 3204 Anglos,
606 3095 670 3175 sed
695 3117 829 3177 contra
855 3094 1069 3206 Rempubl.
1101 3096 1170 3175 est.
1230 3097 1296 3174 An

146 3205 267 3314 fiquis
287 3208 504 3315 Regiorum
524 3208 698 3317 partium
721 3237 790 3317 per
809 3206 959 3287 belluni
981 3208 1158 3314 Regium
1182 3208 1297 3314 quic-

148 3344 273 3425 quam
295 3319 338 3398 in
361 3347 431 3399 nos
456 3320 667 3412 commitit,
700 3320 741 3398 id
764 3347 834 3428 per
859 3347 999 3427 pacem
1022 3319 1248 3398 Batavicam
1277 3315 1299 3396 i

146 3429 263 3510 nobis
296 3457 375 3511 non
406 3433 481 3511 erit
513 3431 820 3511 vindicandum?
860 3431 976 3537 fiquis
1006 3430 1048 3507 in
1079 3428 1295 3538 Rempubl.

147 3540 324 3622 nostram
348 3541 633 3622 contumeliose
663 3543 759 3649 quid
786 3542 947 3650 scripsit,
974 3541 1014 3620 id
1046 3540 1132 3650 post
1157 3568 1296 3648 pacem

146 3680 246 3732 cum
266 3654 420 3734 Batavis
449 3652 594 3735 factam
625 3681 703 3732 non
731 3654 805 3733 erit
832 3650 1119 3733 refellendum?
1149 3680 1197 3731 an
1227 3679 1298 3761 per

147 3764 326 3844 alienum
351 3765 503 3845 beilum
529 3767 617 3874 plus
633 3766 772 3871 Regiis
795 3766 836 3844 in
861 3791 945 3858 nos,
970 3760 1091 3873 quim
1117 3792 1187 3873 per
1210 3763 1298 3843 nos-

148 3894 254 3956 tram
281 3903 420 3985 pacem
448 3877 560 3958 nobis
588 3878 630 3956 in
661 3879 809 3983 Regios
838 3876 1000 3955 licebit?
1036 3876 1092 3955 At
1120 3902 1198 3954 non
1228 3902 1298 3956 nos

147 4015 246 4068 cum
271 3990 410 4096 Regiis
439 4009 506 4069 aut
534 4017 674 4068 eorum
701 3988 1007 4081 Clamatoribus,
1037 3986 1102 4066 sed
1129 4014 1223 4067 cum
1252 3988 1301 4068 iis

150 4101 371 4181 Provinciis
402 4128 542 4209 pacem
573 4098 755 4192 fecimus,
788 4095 811 4177 i
843 4100 986 4207 quibus
1025 4099 1137 4179 causa
1170 4101 1298 4207 Regia

149 4211 374 4320 longiffime
394 4211 570 4317 ,sejuncta
601 4211 681 4306 est;
713 4207 879 4317 eimque
908 4239 1048 4320 pacem
1076 4213 1118 4290 in
1147 4238 1224 4318 qua
1252 4213 1301 4291 de

147 4319 328 4405 hostibus
343 4324 479 4403 nostrae
495 4323 684 4431 Reipubl.
703 4350 781 4400 non
796 4323 916 4401 modo
936 4350 1014 4401 non
1031 4320 1220 4416 favendis‚
1237 4322 1300 4403 sed

147 4463 201 4515 ne
234 4439 337 4516 teeio
367 4436 532 4543 quidem
564 4433 796 4542 recipiendis
826 4434 1062 4513 nominatim
1088 4452 1301 4542 exceptum

148 4546 223 4628 est.
282 4550 338 4627 At
361 4548 470 4626 enim
488 4544 566 4625 hoc
584 4544 871 4654 intempestivum
889 4563 930 4625 et
955 4545 1182 4650 οἷπειροκοιλον
1195 4544 1300 4652 fuit,

149 4657 251 4770 quod
260 4658 462 4764 alienifflmo
481 4675 640 4766 tempore
654 4655 737 4737 crim
750 4657 869 4736 omnia
887 4657 948 4737 hic
967 4675 1003 4736 et
1022 4655 1241 4764 isthicfestis
1259 4657 1302 4737 ob

142 4791 278 4882 pacem
296 4770 443 4878 ignibus
461 4771 695 4862 collucerent,
716 4786 759 4848 tu
777 4767 879 4850 solus
898 4768 1028 4877 gelida
1042 4766 1301 4878 perfunderis.
