2888 5204
478 559 702 665 Desensro
727 567 956 664 Secunda.
1211 605 1292 690 257

138 742 256 824 suum
271 742 408 826 Graecb
423 745 588 827 Morum
609 746 808 858 discipulis
822 749 1110 857 interpretatus,
1127 746 1289 827 stultum

139 875 177 936 et
196 883 374 966 nequam
393 858 473 968 ipse
492 858 685 939 dediscere
704 860 896 968 nequivit.
1001 861 1069 937 uin
1092 888 1140 938 eo
1159 861 1290 968 potius

142 964 275 1049 lurore
287 968 344 1049 est
354 973 522 1078 agitatus
531 998 625 1052 cum
639 989 698 1051 tot
707 970 897 1052 scelerum
912 970 1002 1050 effet
1042 971 1084 1051 bi
1097 971 1287 1065 conscius,
1343 970 1344 974 ‘

140 1081 323 1189 quamvis
348 1080 499 1162 fortasse
522 1083 702 1163 nondum
724 1102 965 1192 compertus,
991 1102 1036 1162 ut
1061 1084 1222 1192 pastoris
1246 1084 1288 1163 in

142 1192 316 1273 Ecclesia
327 1221 471 1275 munus
485 1195 650 1289 ambire,
666 1214 782 1303 atque
797 1196 877 1276 istis
894 1195 1069 1274 moribus
1082 1196 1288 1303 inquinare

140 1328 221 1385 non
248 1304 492 1387 horrescerit.
549 1304 705 1387 Verum
731 1304 837 1387 haud
865 1306 935 1386 diu
969 1305 1286 1414 Presbyterorum

140 1415 344 1498 censuram
359 1417 533 1527 effugere
553 1421 698 1528 potuit,
711 1420 958 1499 mulierarius
973 1447 1019 1498 ac
1032 1447 1168 1513 vanus,
1182 1421 1289 1500 mul-

140 1527 268 1637 tisque
290 1529 377 1610 aliis
396 1531 626 1611 criminibus
648 1549 818 1623 notatus,
845 1530 980 1610 multis
998 1530 1048 1610 ab
1067 1529 1288 1611 orthodoxa

140 1636 218 1721 lide
233 1641 429 1722 erroribus
447 1643 668 1737 damnatus,
688 1670 786 1751 quos
806 1661 845 1722 et
865 1644 1031 1750 turpiter
1049 1643 1226 1750 ejuravit,
1247 1662 1287 1722 et
1340 1721 1344 1733 ,

138 1751 306 1858 ejuratos
325 1752 448 1864 impie
460 1755 644 1850 retinuit3
666 1754 825 1834 tandem
841 1754 1024 1834 adulterii
1044 1754 1285 1834 manifestus.

139 1861 321 1974 Hospitis
347 1866 531 1946 ancillam
553 1867 749 1973 quandam
770 1864 870 1946 forte
896 1865 1164 1962 adamaverat;
1197 1895 1286 1946 eam

143 1975 264 2085 paulb
287 1977 374 2086 post
390 1978 509 2058 etiam
529 1978 641 2058 alteri
665 1996 832 2087 nuptam
856 1977 987 2057 sectari
1012 2006 1091 2058 non
1115 1972 1285 2073 destitit3

139 2089 387 2197 tuguriolum
406 2090 608 2198 quoddam
627 2090 769 2171 intrare
789 2089 952 2182 hortuli,
965 2089 1091 2170 solum
1110 2117 1204 2171 cum
1224 2090 1287 2170 so-

138 2198 191 2294 la,
214 2200 337 2282 vicini
356 2201 450 2311 saepe
469 2202 832 2282 animadverterant.
893 2201 1005 2281 Citra
1031 2202 1286 2295 adulterium,

138 2311 286 2422 inquis,
314 2332 465 2423 poterat
495 2314 605 2393 enim
631 2314 788 2421 quidvis
815 2313 946 2394 aliud:
977 2312 1064 2394 sane
1095 2314 1285 2422 quidern3

136 2443 293 2534 poterat
310 2423 567 2518 confabulari,
584 2425 775 2505 nimirum
796 2426 844 2504 de
865 2453 906 2505 re
926 2422 1109 2518 hortensi,
1126 2425 1286 2535 praelec-

137 2535 265 2617 tiones
274 2537 459 2645 quasdam
472 2536 555 2617 suas
567 2537 690 2616 sciolae
701 2536 854 2618 fortasse
867 2535 1038 2616 foeminae
1048 2557 1088 2616 et
1102 2534 1287 2616 audiendi

135 2647 291 2756 cupidae
309 2676 541 2758 expromere
561 2649 610 2728 de
630 2647 778 2729 hortis:
809 2650 973 2729 Alcinoi·
993 2646 1088 2758 putd
1104 2648 1286 2727 velAdo-

135 2759 256 2853 nidis,
277 2780 428 2869 poterat
446 2788 553 2840 nunc
564 2760 711 2841 areolas
723 2761 895 2854 laudare,
911 2761 1095 2840 umbram
1110 2778 1287 2840 tantum-

136 2872 261 2951 modo
279 2872 505 2965 desiderare,
525 2872 661 2953 liceret
680 2872 801 2952 modo
821 2872 913 2951 ficui
931 2900 1089 2953 morum
1105 2872 1286 2965 inserere,
1411 2912 1417 2922 ·

136 2983 363 3092 complures
377 2985 467 3064 inde
483 2984 704 3091 sycomoros
719 2981 841 3091 quam
854 2982 1034 3064 citiflimd
1047 2984 1188 3079 enasci,
1201 3013 1288 3063 am-

138 3092 384 3176 bulationem
402 3095 725 3190 amoeniflimam;
751 3096 917 3180 modum
937 3096 1078 3176 deinde
1098 3096 1287 3175 infitionis

135 3205 296 3311 mulieri
312 3227 463 3316 poterat
478 3208 714 3287 monstrare:
736 3205 817 3286 haec
833 3225 872 3286 et
887 3208 999 3315 plura
1014 3225 1181 3317 poterat,
1196 3208 1286 3315 quis

136 3321 546 3426 negativeruntamen
558 3316 787 3428 presbyteris
799 3317 1015 3399 satisfacere
1026 3346 1106 3398 non
1119 3336 1285 3426 poterat,

134 3428 235 3538 quin
259 3430 376 3510 illum
396 3450 583 3538 tanquam
602 3431 839 3522 adulterum,
863 3429 1021 3510 censura
1047 3429 1221 3533 ferirent,
1247 3447 1287 3506 et

136 3540 301 3650 pastoris
314 3569 478 3622 munere
492 3541 703 3650 indignum
716 3540 869 3649 prorsus
879 3542 1123 3647 judicarent:
1140 3537 1285 3618 harum

135 3672 177 3735 et
188 3650 415 3760 hujusmodi
427 3652 717 3734 accusationum
729 3652 1166 3762 capitainBibliotheca
1178 3651 1284 3730 illius

136 3763 246 3845 urbis
264 3765 423 3874 publica
446 3766 665 3845 etiamnum
690 3764 935 3844 asservantur.
996 3764 1164 3855 Interea,
1184 3762 1284 3841 dum

135 3873 221 3957 haec
239 3877 372 3986 palam
390 3895 483 3957 nota
502 3903 581 3955 non
600 3876 733 3969 essent,
750 3876 798 3955 ab
818 3875 991 3970 ecclefia,
1011 3902 1097 3982 quae
1109 3873 1287 3954 Middel-

135 3987 255 4095 burgi
267 3988 524 4081 eratGallica,
538 3987 1285 4098 procuranteSalmasro,inHollandiam

135 4118 313 4194 vocatus,
330 4127 474 4206 magna
492 4127 586 4178 cum
604 4098 815 4178 offenfione
836 4096 1081 4207 Spanhemii,
1101 4097 1176 4178 viri
1197 4095 1284 4176 sane

134 4210 259 4306 docti,
275 4229 316 4291 et
333 4211 493 4321 pastoris
510 4210 769 4317 integerrimi,
785 4210 855 4316 qui
875 4237 969 4288 eum
982 4209 1152 4288 Genevae
1171 4227 1285 4288 antea

136 4321 262 4432 probe
277 4341 451 4416 noverat,
462 4321 592 4401 literas
609 4321 898 4414 testimoniales,
939 4348 1006 4400 uas
1019 4338 1173 4414 vocant,
1186 4320 1285 4399 dum

132 4435 203 4515 alii
223 4462 303 4515 non
323 4432 530 4514 serendum
556 4434 837 4524 existimarent,
862 4451 906 4511 ut
954 4460 1048 4512 orno
1068 4431 1284 4511 istiusmodi

133 4545 320 4627 Ecclesiae
337 4544 561 4627 testimonio
580 4554 794 4636 ornaretur,
815 4543 882 4622 alii
900 4544 1056 4651 quidvis
1074 4543 1205 4653 potius
1225 4541 1284 4620 fe-

131 4655 594 4767 rendum,quamipsum
608 4652 1283 4762 hominem,aegrdaGenevensrbus,

131 4790 177 4853 et
195 4797 276 4851 non
294 4770 371 4851 alia
388 4796 511 4877 quam
531 4766 589 4847 sui
603 4766 781 4847 discessus
800 4766 1041 4860 conditione,
1062 4784 1178 4872 atque
1198 4764 1283 4844 illas

193 4906 225 4985 4
714 4906 731 4957 S
