2888 5204
354 576 746 710 Supplementum
772 573 1044 711 Responsro.
1191 618 1271 698 413

124 772 225 835 num
244 747 442 830 bonorum
457 753 633 831 virorum
654 780 866 831 numerum
882 752 934 832 ob
953 754 1130 860 impuros
1146 780 1274 832 mores

124 876 227 952 tuos,
245 858 446 970 vitamque
466 862 653 942 offensam
674 862 817 942 meritb
846 883 883 943 te
907 863 1041 943 odiffe.
1103 865 1275 957 Deinde,

124 968 438 1081 fiMidelburgi,
467 974 494 1053 fi
521 975 829 1070 Amsterodami,
851 975 919 1054 ubi
946 993 1054 1054 tanto
1081 975 1122 1054 in
1149 979 1275 1082 pretio

124 1100 244 1189 atque
262 1081 410 1164 honore
427 1087 532 1195 apud
552 1115 689 1166 omnes
705 1086 816 1166 fuiffe
832 1106 869 1165 te
888 1087 1085 1196 praedicas,
1104 1106 1184 1166 tam
1201 1116 1276 1166 nu-

124 1193 276 1273 merosa
296 1213 333 1274 te
353 1195 472 1276 factio
492 1199 624 1278 adorta
644 1199 713 1292 est,
733 1199 950 1278 claudicare
972 1216 1037 1278 tua
1058 1197 1152 1278 fides
1171 1198 1275 1307 pub-

124 1303 202 1384 lica
221 1306 397 1402 videtur;
429 1305 571 1417 edsque
602 1310 766 1390 demum
794 1310 868 1388 effe
898 1309 1110 1389 factionem
1139 1311 1208 1418 qui
1238 1329 1276 1391 te

124 1433 327 1526 tantopere
353 1419 572 1500 laudarunt.
634 1423 702 1501 Sin
729 1423 856 1528 Hagae
879 1441 947 1502 aut
975 1421 1163 1527 Lugduni
1192 1424 1276 1530 pri-

123 1524 243 1607 mbm
262 1530 332 1610 ista
350 1530 469 1611 faesio
488 1535 529 1610 in
551 1551 588 1612 te
608 1553 690 1613 tam
712 1534 853 1612 acriter
871 1533 927 1611 est
946 1535 1154 1626 concitata,
1174 1531 1277 1612 nihil

124 1638 307 1747 profecto
325 1642 452 1723 obstat
470 1642 551 1751 qub
571 1640 702 1724 minus
721 1661 904 1752 appareat
917 1643 1120 1723 deseruiffe
1136 1663 1174 1723 te
1192 1663 1277 1725 tan-

124 1751 194 1830 diu
208 1754 420 1834 etPastoris
436 1772 477 1834 et
490 1754 714 1836 Profefforis
730 1783 873 1834 munus
890 1753 1098 1862 utrobique
1111 1754 1276 1851 sacrum,

125 1881 172 1944 ut
191 1863 320 1972 Hagae
339 1866 493 1947 libellos
512 1866 693 1964 famosos,
711 1867 973 1946 ministerium
993 1869 1052 1947 tui
1070 1869 1278 1975 Evangelii

124 1975 390 2073 ministrares3
423 1979 612 2085 Lugduni
628 1980 812 2059 Pontiam
832 1980 1030 2073 ancillam,
1044 1979 1084 2057 id
1104 1979 1160 2059 est
1173 1979 1277 2059 Nas-

125 2084 210 2167 sam
223 2088 303 2196 ipse
320 2108 429 2169 tuam
446 2089 655 2184 sectarere3
687 2088 850 2199 tudsque
869 2092 971 2185 illos,
989 2091 1076 2199 post
1090 2091 1278 2171 diurnum

124 2197 224 2308 saepe
243 2198 461 2294 disceffum,
484 2220 542 2281 tot
561 2205 770 2282 nodlurnos
789 2203 835 2281 ad
857 2230 945 2282 eam
966 2203 1094 2281 vicina
1112 2231 1162 2282 ex
1183 2203 1278 2283 urbe

125 2310 289 2404 reditus,
315 2330 373 2392 tot
400 2340 496 2393 cum
526 2342 571 2393 ea
599 2313 778 2408 furtivos,
807 2313 1058 2392 inscientibus
1088 2313 1277 2406 dominis,

126 2422 351 2529 congreffus
370 2425 564 2504 vicinitati
583 2426 812 2519 notiffimos,
835 2444 989 2504 tantum
1012 2426 1054 2502 in
1082 2442 1119 2504 te
1139 2425 1278 2505 odium

127 2533 395 2642 plurimorum
415 2536 683 2617 commoviffe.
743 2537 833 2616 Hos
849 2554 891 2615 tu
906 2535 1131 2645 admifflrrrbs
1145 2539 1278 2617 uxoris

127 2645 305 2726 Salmasri
335 2675 491 2742 vocas3.
510 2668 550 2728 et
576 2649 838 2755 ignominiam
865 2645 1042 2727 defuncti
1072 2647 1190 2726 amici
1222 2651 1280 2728 tui

128 2755 509 2867 matronae,ejr'1sque
542 2761 772 2868 propinquis
799 2786 878 2837 non
908 2757 1111 2838 ferendam
1139 2760 1275 2839 inuris.

128 2869 230 2949 Haec
243 2870 494 2950 scilicetcum
507 2870 652 2978 Ruffino
668 2891 707 2949 er
719 2869 889 2951 factione
906 2870 986 2964 illa,
1001 2869 1183 2951 horrenda
1202 2873 1281 2952 cri·

125 2980 369 3063 minationum
386 2983 555 3063 tonitrua
575 2981 743 3090 dffplostt,
763 3000 935 3062 ettotam
955 2982 1091 3088 insanis
1109 2983 1281 3063 clamori·

126 3090 198 3170 bus
213 3093 384 3200 Belgium
403 3093 582 3203 implevit.
643 3094 661 3171 l
682 3119 802 3187 nunc,
823 3111 863 3173 et
882 3091 903 3173 a
923 3121 987 3173 me
1011 3093 1177 3173 confidla
1199 3094 1281 3174 haec

128 3202 208 3284 effe
226 3204 408 3299 clamita3
439 3206 504 3285 dic
520 3231 626 3284 meas
643 3202 712 3284 has
728 3203 802 3283 effe
818 3205 1032 3285 calumnias
1048 3235 1058 3297 ;
1090 3232 1186 3312 quas
1206 3234 1282 3313 ego

128 3342 213 3394 non
241 3316 471 3411 calumnias,
492 3317 555 3396 sed
583 3316 875 3397 criminationes
901 3315 949 3394 ab
976 3315 1153 3395 universo
1180 3317 1280 3425 pene

124 3425 288 3534 Belgio,
310 3447 347 3507 te
367 3428 593 3520 confitente,
612 3428 760 3532 accepi.
801 3426 886 3505 Has
905 3453 981 3534 ego
1001 3427 1198 3506 tacerem?
1218 3427 1281 3508 his

129 3564 212 3618 non
232 3539 463 3619 crederem?
494 3536 643 3647 prdque
663 3557 728 3618 tua
748 3539 788 3616 in
810 3564 878 3617 nos
895 3534 1143 3644 nostramque
1160 3539 1283 3618 Rem·

129 3649 243 3760 publ.
273 3651 427 3755 injuria,
448 3650 605 3743 scelere,
625 3650 786 3729 audacia
805 3676 912 3729 veras
935 3649 1009 3728 effe
1031 3676 1108 3727 non
1127 3648 1282 3754 judica-

130 3762 248 3840 rem?
273 3788 393 3869 quam
419 3781 461 3842 tu
485 3761 712 3854 factionem,
746 3787 833 3841 eam
859 3788 935 3868 ego
962 3759 1281 3869 probiffimorum

131 3871 344 3953 homiuum
365 3872 678 3967 multitudinem,
696 3873 979 3964 testimonium,
993 3870 1192 3976 judicium
1208 3875 1282 3954 elle

131 4011 213 4064 non
229 3982 419 4064 arbitrer?
450 3985 630 4064 Hoccine
644 3982 1281 4067 divinaanimadverfionefauum

131 4123 213 4175 non
232 4115 385 4204 putem,
406 4116 450 4176 ut
469 4096 567 4176 dum
595 4094 678 4175 aliis
704 4094 871 4175 famosos
898 4092 1051 4175 libellos
1081 4113 1163 4174 tam
1190 4098 1283 4178 dili-

130 4225 271 4315 genter
290 4208 507 4303 adornares,
525 4207 694 4287 famosus
714 4205 794 4315 ipse
815 4206 951 4314 paffim
970 4206 1125 4287 libellus
1146 4205 1283 4291 fieres?

132 4320 202 4399 Tu
223 4316 316 4399 verb
335 4316 430 4398 clun
457 4318 750 4427 exssr'tnationem
771 4336 880 4397 tuam
902 4319 1058 4412 lraerere,
1079 4338 1122 4397 ut
1147 4322 1217 4416 ais,
1235 4323 1289 4403 ad

130 4447 249 4511 metas
261 4431 426 4524 videres,
439 4450 480 4510 et
498 4430 636 4537 linguis
653 4430 807 4510 omnium
822 4429 1038 4537 vapulares,
1056 4428 1162 4508 haud
1182 4433 1284 4513 inso-

132 4543 207 4623 lito
220 4542 460 4624 audacillimi
474 4541 658 4650 cujusque
674 4541 849 4633 confilio,
865 4542 1134 4648 potentiorum
1148 4542 1284 4626 studiis
1368 4608 1373 4617 .

134 4651 273 4748 fretus,
292 4683 392 4762 quos
415 4652 603 4733 affectatis
626 4651 896 4745 concionibus,
919 4669 959 4730 et
979 4649 1180 4731 Corinthii
1202 4658 1284 4737 aeris

135 4767 284 4847 tinnitu
305 4767 374 4847 illo
394 4765 466 4844 tibi
493 4763 592 4846 forte
613 4764 903 4855 conciliaveras,
922 4763 1032 4871 prior
1053 4763 1227 4846 Pontiam
1247 4768 1286 4850 in
