2888 5204
147 163 227 268 360
395 144 620 247 Authoris
646 183 732 280 pro
757 143 800 242 se
827 138 1055 244 Defenlio

147 321 725 432 DefensronePop.Anglicani,
733 322 798 402 cui
810 320 877 400 illa
888 317 1067 429 impense
1078 315 1282 397 existimata

147 433 203 514 est
217 431 363 528 favisse,
375 433 550 514 alienum
565 433 690 515 fuiffe.
727 431 840 623 Opid
858 430 902 527 fi,
915 430 1026 540 quod
1035 428 1283 536 objectanme

146 545 317 653 denique
344 545 554 626 laudaffem
577 546 768 654 aliquanti
785 571 856 654 per
883 540 1103 652 digreffus?
1139 541 1225 649 quis
1246 564 1285 616 ea

149 675 343 765 tempora,
359 684 421 736 eas
437 655 601 767 persaepe
618 656 749 737 causas
764 655 937 736 incidere
956 681 1038 734 non
1053 650 1235 743 fateatur,
1251 667 1288 728 ut

149 768 316 877 propriae
348 767 481 848 laudes
515 770 635 848 etiam
663 766 905 848 sanfflffimis
934 759 1288 869 modelliffimisque

150 880 243 959 viris
265 878 456 959 indecorae
481 906 560 958 non
585 879 672 974 fint,
696 905 965 986 necunquam
988 875 1170 957 fuerint?
1198 871 1290 955 hunc

150 992 272 1069 etiam
282 990 416 1070 locum
424 990 671 1071 uberrimum
682 986 1166 1099 exemplorumillustrare
1176 984 1292 1094 cupii,

151 1101 179 1179 sr
198 1100 357 1195 vellem,
373 1102 561 1210 equidem
586 1130 651 1181 me
670 1101 855 1183 omnibus
880 1098 996 1180 facile
1022 1097 1238 1207 probarem
1256 1114 1292 1176 tu

150 1211 450 1293 obmutesceres.
511 1213 585 1292 Sed
602 1240 667 1292 me
683 1212 874 1322 nusquam
889 1211 1072 1304 laudavi3
1094 1237 1188 1305 nec,
1198 1204 1292 1318 quod

151 1325 386 1417 criminaris,
412 1324 699 1430 Panegyricum
718 1321 740 1402 l
762 1351 828 1404 me
853 1320 1041 1402 mihimet
1062 1321 1221 1403 dietum
1239 1317 1292 1399 us·

151 1463 273 1543 quarn
293 1436 490 1516 invenies:
522 1436 727 1543 Singulare
746 1435 910 1544 quidem
928 1434 971 1512 in
990 1460 1058 1512 me
1077 1433 1209 1513 divini
1229 1458 1292 1511 nu·

150 1547 268 1626 minis
281 1545 534 1641 beneficium,
547 1546 655 1655 quod
670 1576 736 1627 me
749 1547 798 1626 ad
812 1544 1104 1626 defendendam
1114 1543 1293 1624 libertatis

100 1647 113 1673 ’
152 1675 234 1736 tam
253 1654 406 1737 fortiter
424 1659 627 1738 vindicatae
640 1658 796 1738 causam
814 1676 952 1767 praeter
969 1675 1130 1736 caeteros
1149 1651 1291 1737 evocas·

153 1767 221 1861 set,
247 1787 286 1847 et
310 1768 505 1876 agnoviffe
532 1767 671 1864 fateor,
699 1789 738 1850 et
762 1795 966 1877 nunquam
989 1795 1070 1848 non
1096 1767 1292 1875 agnoscere

151 1879 317 1959 debere:
339 1900 379 1960 et
390 1882 615 1990 praeclaram
626 1879 719 1961 hinc
732 1877 975 1989 minimdque
988 1879 1244 1987 culpandam,
1253 1892 1291 1956 ut

154 2018 229 2098 ego
250 1992 413 2100 quidem
434 1993 612 2087 arbitror,
625 1993 854 2073 exordiendi
866 1992 1075 2071 materiam
1091 1986 1290 2101 sumpliffe.

155 2105 305 2184 Petitus
326 2104 466 2185 deinde
486 2105 534 2184 ab
555 2105 624 2185 illo
646 2105 832 2186 Clamore
853 2104 985 2212 Regio
1008 2103 1197 2184 convitiis
1214 2128 1292 2182 om·

154 2214 268 2296 nibus
284 2236 401 2323 atque
421 2216 643 2312 calumniis,
656 2237 696 2297 et
708 2217 937 2301 infimorum
949 2242 1118 2296 numero
1131 2211 1291 2304 habitus,

156 2354 232 2405 non
254 2354 318 2406 me
339 2328 533 2423 laudibus,
554 2355 781 2439 quanquam
801 2329 841 2410 id
861 2325 968 2409 nefas
988 2354 1068 2408 non
1088 2344 1189 2420 erat,
1208 2351 1292 2405 con·

156 2457 217 2517 tra
232 2437 464 2520 adversarios
476 2440 730 2550 despectores,
741 2441 804 2521 sed
817 2441 919 2522 nudai
932 2467 977 2519 ac
989 2438 1162 2546 simplici
1173 2463 1293 2518 rerum

155 2577 334 2628 mearum
347 2554 565 2632 narratione
581 2573 800 2646 contentus,
813 2551 972 2632 tuebar:
1005 2551 1045 2630 id
1059 2550 1209 2659 Populi
1219 2551 1292 2628 An-

153 2661 298 2766 glicani
318 2690 438 2768 quem
456 2662 730 2758 defendebam,
757 2665 893 2771 quanti
916 2661 1125 2755 intereffet,
1147 2663 1209 2740 uti
1231 2685 1293 2766 ego

155 2798 287 2850 meam
306 2772 635 2858 existimationem
660 2803 738 2854 non
763 2774 877 2884 planb
901 2773 1111 2879 abjicerem
1134 2800 1209 2852 nec
1232 2770 1291 2850 ob

157 2884 397 2963 tredtandam
420 2884 618 2992 quibusvis
643 2905 683 2964 et
711 2885 994 2967 obculcandam
1023 2883 1292 2992 relinquerem,

156 2993 336 3102 praefatus
356 3017 568 3103 antequam
587 2999 668 3077 mei
688 2995 858 3077 facerem
884 2997 1146 3089 mentionem,
1173 2990 1292 3076 sedulo

155 3106 330 3187 ostendi:
361 3106 617 3188 offensionem
637 3110 806 3217 denique
828 3109 966 3216 srcujus
986 3105 1088 3187 forte
1108 3104 1185 3187 hac
1204 3108 1244 3185 in
1260 3129 1292 3182 re

155 3216 413 3311 incurriffem,
433 3216 537 3297 haud
555 3220 800 3327 negligenter
815 3220 901 3300 sum
914 3221 1160 3328 deprecatus.
1206 3219 1291 3296 Hac

157 3345 199 3407 tu
221 3329 248 3407 fi
268 3349 428 3438 propter
454 3330 711 3411 invidentiam
729 3351 769 3411 et
787 3333 953 3411 livorem
976 3349 1043 3411 aut
1068 3356 1150 3409 non
1175 3329 1293 3436 legere

156 3458 224 3517 aut
240 3439 458 3520 meminiffe
478 3469 557 3520 non
572 3443 644 3536 vis,
658 3443 754 3550 quid
770 3442 826 3522 est
842 3443 985 3550 reliqui
1004 3441 1075 3520 nifi
1089 3460 1135 3520 ut
1145 3436 1293 3549 crepes?

158 3550 312 3628 nullum
333 3553 440 3631 enim
461 3554 501 3631 in
521 3551 650 3633 fronte
675 3553 766 3633 libri
790 3554 1055 3646 mendacium,
1081 3552 1153 3631 nili
1175 3552 1293 3632 abste

156 3687 226 3766 per
243 3661 436 3742 malitiam
456 3683 573 3772 atque
589 3665 829 3745 calumniam
843 3663 1058 3745 conflatum
1073 3665 1295 3772 reperietur.

156 3773 317 3878 Qanto
344 3775 570 3855 mendacior
585 3775 803 3856 Alexandri
814 3774 1024 3881 Morifides
1036 3773 1228 3884 publica?
1255 3799 1297 3852 an

156 3901 194 3961 te
215 3883 348 3962 omnia
369 3885 408 3962 in
430 3885 499 3964 illo
519 3887 619 3966 libro
639 3916 689 3966 ex
709 3886 785 3968 fide
806 3886 965 3995 publica
983 3885 1166 3995 scripfiffe
1187 3886 1300 3966 audes

156 3995 312 4073 dicere?
343 3996 452 4102 atqui
472 4015 539 4075 aut
557 3996 634 4076 hoc
656 3998 728 4076 tibi
751 3996 959 4078 neceffarib
982 3998 1215 4091 dicendum,
1239 4015 1302 4076 aut

155 4105 247 4185 libri
262 4105 367 4185 illius
382 4103 503 4184 fronti
524 4109 631 4187 nulla
650 4108 746 4188 fides
764 4110 832 4191 est.
878 4111 937 4188 lta
952 4128 995 4188 tu
1011 4108 1110 4188 dum
1130 4110 1172 4188 in
1188 4108 1303 4188 titulo

156 4236 225 4296 tuo
245 4217 420 4326 putidus,
445 4217 485 4295 in
507 4246 597 4298 meo
625 4219 838 4300 malitiosus
858 4249 913 4314 es,
937 4239 1006 4299 aut
1028 4220 1124 4301 fides
1149 4221 1308 4329 publica

155 4327 327 4409 frontem
342 4358 412 4436 per
429 4348 481 4421 te,
503 4350 569 4410 aut
584 4350 649 4410 tua
669 4329 776 4412 frons
796 4332 916 4412 fidem
935 4331 1122 4440 perdidit.
1172 4332 1308 4441 Pergis

1325 47 1339 291 l
