2888 5204
476 542 703 642 Desenfio
728 545 956 644 Secunda.
1208 589 1259 671 ²9
1265 593 1286 673 5

124 720 309 828 teponis.
358 723 421 801 At
437 723 538 830 regii
537 723 740 831 stanguinis
754 726 945 806 clamorem
960 722 1013 805 ad
1023 727 1150 806 caelum
1166 727 1294 809 tollere

124 831 247 938 quod
260 831 443 914 ineruditi
453 836 574 915 etiam
585 834 733 918 debent:
755 834 831 916 hoc
847 865 991 947 nempe
1005 856 1120 917 tuum
1134 837 1207 917 else
1220 841 1289 919 ais.

124 943 296 1038 Clama,
325 942 555 1040 vociferare,
584 946 684 1028 boa:
730 976 850 1057 perge
882 947 1137 1060 hypocritari,
1164 951 1291 1032 sanda

124 1056 256 1135 verba
282 1056 480 1167 usurpare,
509 1078 548 1138 et
575 1060 755 1169 Priapeia
778 1063 934 1141 vivere:
967 1065 1160 1168 Exurget‚
1187 1062 1289 1142 mihi

124 1168 484 1277 crede,aliquando
491 1197 613 1277 quem
627 1172 814 1252 inclamas
829 1176 941 1254 toties
955 1175 1154 1253 ultionum
1162 1177 1287 1270 Deus,

124 1283 649 1391 exurget,tequeimprimis
659 1284 1038 1378 eradicabit,diaboli
1049 1282 1287 1380 ministrum,

124 1412 168 1473 et
204 1390 424 1473 reformatae
450 1395 632 1475 Ecclefiae
664 1395 872 1476 infandum
904 1398 1071 1478 dedecus
1097 1416 1137 1477 et
1162 1398 1284 1478 luem.

124 1504 435 1615 Inculpantibus
447 1506 621 1587 Salmasti
638 1509 955 1588 maledicentiam
966 1509 1285 1618 quamplurimis,

124 1616 199 1696 res
219 1617 357 1712 ondes,
375 1618 440 1699 Sic
458 1648 539 1698 cum
552 1619 761 1727 parricidis
777 1621 1013 1729 morssrorum
1032 1621 1187 1700 omnium
1198 1640 1286 1701 tur-

124 1730 169 1838 pi
245 1729 291 1823 is,
306 1729 425 1839 fuiffl
443 1730 636 1838 agendum.
697 1733 860 1812 Laudo:
893 1733 979 1812 telis
1002 1734 1110 1812 enim
1133 1761 1202 1812 nos
1228 1734 1287 1811 in-

124 1841 271 1935 struis;
304 1860 344 1920 et
367 1862 507 1949 quote
535 1847 665 1951 pasto,
696 1845 858 1953 tuosque
882 1844 1101 1954 perduelles
1130 1840 1285 1925 uastari

124 1953 354 2047 conveniat,
382 1955 616 2035 commodus
647 1956 778 2050 doces,
813 1955 959 2064 nosque
994 1956 1073 2068 ipse
1102 1956 1279 2036 absolvis.

128 2067 259 2147 Nunc
278 2068 436 2173 quando
456 2068 605 2147 ratione
624 2065 726 2146 nihil
749 2085 875 2178 potes,
903 2097 952 2147 ne
978 2070 1094 2149 audes
1119 2069 1283 2176 quidem

127 2196 371 2288 occupatum
386 2178 435 2256 ab
448 2178 631 2257 Salmafio
641 2179 706 2286 jus
721 2208 839 2259 omne
856 2182 1026 2289 regium,
1040 2201 1079 2261 et
1090 2182 1282 2290 quicquid

129 2290 187 2371 est
207 2292 250 2369 in
269 2317 317 2368 eo
337 2290 498 2371 rationis
515 2290 704 2385 causatus,
729 2289 750 2370 ὲ
773 2292 1023 2372 contumeliis
1047 2313 1087 2371 et
1107 2292 1213 2371 rabie
1233 2294 1281 2372 ad

126 2402 368 2493 narrationes
381 2402 566 2510 quasdam
580 2402 816 2484 miserabiles
829 2402 1049 2497 conversus,
1062 2431 1201 2512 expers
1218 2433 1280 2483 ra-

128 2512 465 2609 tionis,institutos
476 2513 646 2593 abinitio
655 2514 845 2595 clamores
859 2534 1010 2595 tantum
1020 2517 1277 2623 persequeris:

126 2654 224 2735 quas
239 2626 385 2737 partim
401 2625 651 2706 Salmafianas
667 2628 864 2721 recoxisti,
882 2627 1028 2738 partim
1043 2654 1093 2706 ex
1113 2624 1278 2707 elencho

126 2738 199 2818 illo
212 2736 419 2841 ἔλεγχίστω
435 2766 647 2847 anonymo,
660 2740 822 2846 quinon
837 2738 960 2848 patris
975 2737 1116 2833 solum,
1130 2738 1194 2818 sed
1207 2766 1278 2817 no-

126 2851 237 2931 mine
257 2853 379 2930 etiam
393 2849 587 2959 profugit,
601 2849 809 2960 descriptas
824 2850 1087 2959 interpoldsti:
1109 2879 1277 2960 quarum

125 2964 175 3043 ad
192 2964 390 3075 praecipua
408 2964 551 3071 capita,
569 2963 630 3041 vel
650 2963 691 3040 in
713 2963 966 3055 Iconoclaste,
988 2963 1049 3041 vel
1068 2963 1109 3040 in
1127 2964 1277 3043 Salma-

124 3074 239 3156 fianis
259 3076 312 3154 ita
325 3074 411 3180 jam
431 3074 625 3183 respondi,
642 3094 687 3152 ut
700 3075 797 3153 citra
812 3075 977 3154 modum
995 3074 1192 3169 Historiae,
1214 3104 1275 3155 re-

123 3185 306 3296 sponderi
325 3185 495 3295 amplius
519 3186 624 3295 poffe
645 3213 722 3263 non
746 3203 898 3295 putem.
960 3189 1173 3296 Semperne
1197 3214 1273 3294 ego

124 3317 168 3379 ut
182 3298 401 3379 identidem
417 3299 583 3377 eandem
594 3296 764 3377 orbitam
781 3317 920 3391 teram,
937 3298 1038 3378 etad
1056 3300 1273 3381 Balatronis

124 3410 310 3520 cujusque
328 3410 532 3491 stridorem
547 3410 650 3488 dista
666 3410 780 3488 toties
794 3438 913 3517 cogar
928 3410 1093 3489 iterare?
1113 3438 1192 3489 non
1213 3409 1272 3488 fa-

124 3523 254 3617 ciam;
284 3550 412 3630 neque
432 3550 521 3601 mea
541 3522 591 3602 fic
615 3520 750 3601 abutar
769 3523 833 3601 vel
852 3521 971 3630 operai
989 3521 1052 3600 vel
1074 3524 1169 3603 otio.
1231 3522 1271 3600 Si

124 3635 214 3743 quis
233 3635 494 3715 condustitios
513 3633 692 3738 ejulatus,
717 3652 757 3713 et
776 3633 1012 3742 composrtos
1033 3632 1272 3713 vaenaliffimi

124 3742 1270 3857 bominisploratus,fiquisdeclamatiunculas,quasetiam

124 3858 316 3940 ancillaris
340 3857 587 3952 concubitus,
621 3856 856 3936 adulterinas
886 3857 1010 3936 edixit
1038 3875 1078 3935 et
1106 3856 1267 3965 spurias,

124 3970 278 4051 Morilli
291 3967 405 4051 nothi
416 3968 704 4077 gemellas,fide
718 3968 804 4047 satis
817 3969 1045 4076 locupletes,
1059 3969 1267 4050 arbitratur

124 4081 209 4177 effe,
231 4083 280 4163 ad
300 4081 494 4190 mequod
517 4082 670 4175 attinet,
692 4078 793 4158 nibil
819 4081 982 4187 quidem
1011 4108 1157 4176 moror,
1184 4080 1268 4190 qub

124 4196 251 4276 minus
271 4195 325 4274 ita
344 4194 565 4273 existimet:
598 4220 724 4300 neque
744 4192 852 4271 enim
871 4192 927 4271 est
946 4212 989 4272 ut
1008 4192 1055 4271 ab
1076 4192 1267 4299 ejusmodi

124 4306 281 4388 :sedulo
294 4334 340 4386 ac
353 4306 561 4386 temerario
574 4304 832 4384 metuendum
846 4303 957 4384 nobis
973 4306 1188 4413 quicquam
1202 4306 1263 4384 s1t:

124 4419 312 4526 attingam
333 4437 463 4498 tamen
484 4444 620 4525 pauca,
646 4416 865 4496 multorum
890 4417 1022 4511 instar,
1047 4446 1096 4497 ex
1122 4419 1265 4526 quibus

124 4550 204 4613 tam
223 4531 312 4638 quis
332 4529 427 4640 ipse,
452 4557 574 4637 quam
593 4528 690 4636 quid
714 4528 833 4622 dicat,
861 4547 900 4607 et
919 4529 1015 4636 quid
1040 4529 1088 4608 de
1113 4530 1266 4636 reliquo

124 4641 374 4725 iudicandum
403 4642 463 4733 s1t,
493 4640 721 4719 summatim
752 4641 992 4748 intelligetis.
1053 4640 1267 4748 Postquam

124 4756 166 4837 le
187 4783 343 4837 camera
362 4752 488 4862 plebis
510 4772 549 4832 et
568 4779 722 4832 camera
747 4781 969 4860 procerum,
995 4753 1042 4831 ad
1068 4780 1187 4833 unam
1206 4781 1269 4833 re-
