2888 5204
139 184 220 292 276
413 171 505 267 Pro
529 163 715 303 Populo
739 160 1013 301 Anglicano

141 342 261 421 nam?
282 341 439 421 Lectori
452 341 659 448 Christiano
677 368 823 451 nempe
839 330 1032 423 Moechus
1047 358 1092 422 et
1106 339 1275 448 stuprator

141 455 286 534 Morus
299 449 488 532 salutem:
519 454 628 562 piam
644 452 732 540 sane
747 453 953 563 epistolam
969 454 1199 565 promittis;
1208 447 1276 556 jan

142 565 271 645 causas
297 566 442 673 incipe.
519 565 698 646 Excitati
708 565 807 671 stunt
820 569 1113 676 ‚Europaearum
1131 560 1277 674 gentium

142 678 269 771 animi,
283 676 440 757 maxime
452 677 606 757 omnium
621 678 729 758 Galli
743 677 858 785 nostri
871 678 1088 786 reformati,
1104 695 1152 758 ut
1159 670 1277 786 parri·

143 788 276 869 cidium
294 806 332 869 et
349 788 580 896 parricidas,
601 806 672 897 etc.
699 787 963 896 cognoscerent.
1025 789 1143 870 Galli
1165 804 1207 867 et
1223 781 1277 893 ipt

143 900 346 981 reformati
365 919 499 979 contra
518 926 628 1007 reges
644 899 746 981 bella
766 900 983 1010 gesserunt3
1013 901 1118 1010 quid
1138 897 1279 979 ulterint

144 1009 301 1092 fuissent
313 1010 467 1106 facturi,
473 1011 631 1121 paribus
644 1013 699 1091 usr
715 1041 846 1093 rerum
859 1003 1279 1106 succeffibus,affirmui

144 1152 223 1205 non
243 1123 394 1235 potest:
416 1122 521 1204 certe
538 1151 647 1232 reges
664 1124 854 1233 ipsorum,
870 1125 897 1205 fi
916 1152 996 1234 qua
1008 1152 1152 1206 earum
1165 1142 1279 1203 rerum

145 1237 415 1317 monumentis
428 1235 537 1328 fides,
549 1238 597 1316 ab
609 1235 686 1316 illis
702 1234 807 1316 haud
819 1237 950 1317 minus
965 1228 1202 1316 metuebant
1212 1231 1278 1323 fibi,

144 1347 266 1458 quim
284 1347 306 1428 al
326 1347 438 1429 nobis
458 1346 610 1427 noster:
641 1375 771 1457 neque
790 1347 944 1454 injurii,
971 1350 1133 1456 quoties
1151 1342 1278 1427 memi-

145 1461 285 1541 nissent
311 1488 398 1568 quae
420 1458 541 1538 etiam
567 1458 627 1539 illi
651 1456 930 1571 scriptitarunt,
957 1478 998 1539 et
1027 1459 1174 1539 minati
1201 1456 1278 1565 supe

145 1572 257 1652 sunt:
290 1571 436 1651 Nolint
454 1572 592 1677 igitur,
616 1573 807 1682 quicquid
832 1591 874 1652 tu
896 1571 1068 1666 causare,
1096 1561 1279 1681 splendide

146 1685 265 1763 nimis
284 1683 333 1762 de
353 1682 390 1762 se
411 1682 605 1793 polliceri,
627 1685 799 1792 iniquius
815 1684 865 1764 de
881 1681 994 1764 nobis
1011 1681 1171 1763 sentire.
1201 1681 1280 1763 Pet·

144 1797 204 1903 git
223 1797 263 1874 in
283 1796 416 1875 caufis.
448 1794 626 1904 Equidem
644 1795 690 1875 ees
704 1797 915 1903 Anglorum
929 1795 1092 1875 melioris
1101 1811 1201 1875 uotae
1210 1816 1279 1872 cur·

130 1906 424 2012 sttetudinesttm
443 1907 540 2012 ustus.
593 1909 679 2017 Qi
695 1906 768 1986 tibi
784 1907 870 1987 sunt
882 1907 1058 1987 melioris
1073 1925 1190 2000 notae,
1202 1903 1280 1983 visit

145 2019 257 2100 bonis
276 2018 364 2098 sunt
380 2019 561 2128 peffimae.
625 2022 676 2100 Ut
694 2019 807 2125 atesim
825 2018 945 2100 dicere
957 2048 1014 2098 me
1030 2017 1101 2127 ista
1115 2017 1281 2100 bouum

145 2131 303 2239 morssru
327 2131 418 2240 noffe
440 2132 542 2212 intus
568 2130 662 2211 etin
685 2150 783 2212 cute.
843 2130 1035 2210 Putabam
1058 2149 1099 2211 te
1123 2127 1281 2210 mecha

147 2244 423 2323 tantummodo
447 2262 531 2323 tuas
551 2261 591 2322 et
610 2242 755 2323 scorta:
786 2261 830 2323 tu
849 2244 971 2323 etiam
994 2242 1170 2323 monstra
1192 2243 1281 2321 intur

146 2375 186 2433 et
205 2354 246 2433 in
265 2374 368 2435 cute.
408 2355 461 2435 Ut
477 2383 600 2434 nomen
618 2383 735 2435 meum
746 2353 1097 2464 premerem,sacile
1115 2354 1281 2462 impetra·

147 2484 239 2544 runt
258 2466 386 2573 Angli
411 2465 622 2576 quibuscum
654 2466 834 2571 corzfieevi.
894 2469 949 2546 Et
972 2463 1099 2546 astute
1131 2463 1281 2574 quiden

148 2578 232 2658 illi:
264 2577 315 2657 fic
330 2580 439 2657 enim
455 2577 657 2689 sperabant
676 2596 717 2658 et
735 2578 772 2656 se
787 2579 1035 2686 impudentia
1058 2595 1128 2656 tua
1151 2573 1200 2657 eb
1216 2574 1280 2654 lar·

148 2691 257 2796 giore
276 2689 477 2783 fruituros,
497 2709 539 2770 et
563 2710 601 2769 te
624 2709 691 2770 tua
715 2688 835 2785 fama,
861 2693 982 2770 etiam
1001 2707 1088 2769 tum
1109 2687 1226 2779 mala,
1243 2708 1280 2762 eo

147 2803 278 2881 minus
292 2801 411 2880 causae
421 2802 661 2881 nociturum.
709 2802 916 2882 Noverant
927 2803 1035 2881 enim
1050 2819 1104 2895 te,
1120 2819 1161 2880 et
1174 2820 1280 2909 quam

133 2914 240 2994 'esses
255 2912 354 2992 olim
371 2912 497 2993 bonus
516 2910 722 2993 hortorum
738 2912 879 3008 custos,
899 2932 940 2993 et
958 2940 1064 2993 nunc
1084 2910 1189 2992 rasus
1202 2910 1281 2989 licet

148 3045 188 3106 et
205 3027 427 3136 pumicatus
447 3024 632 3118 sacerdos,
652 3045 696 3104 ut
715 3022 737 3104 ὲ
758 3026 898 3105 Pontia
917 3053 966 3105 ne
987 3024 1113 3105 Pilata
1132 3021 1281 3133 quidem

148 3139 337 3218 abstinere
355 3164 493 3216 manus
513 3138 701 3246 potueris,
718 3165 791 3217 nec
810 3139 859 3218 de
878 3136 1006 3217 nihilo
1021 3134 1126 3230 sane,
1145 3132 1283 3215 sienim
1320 3232 1322 3237 Ι

148 3248 170 3330 ὲ
186 3249 427 3331 conficienda
440 3277 556 3329 carne
569 3248 746 3328 carnifex
757 3249 884 3328 diuus
896 3265 1069 3358 putatur,
1081 3276 1156 3328 cur
1167 3247 1285 3328 minus

149 3382 191 3443 tu
211 3362 454 3444 conficiendo
475 3361 658 3441 Pontiam
679 3359 866 3441 Pontifex
880 3360 1009 3441 'fastus
1028 3387 1080 3440 ex
1101 3357 1285 3440 sacerdote

149 3475 222 3554 tibi
237 3476 422 3555 videare?
452 3473 551 3553 Haec
565 3500 660 3551 cum
673 3473 722 3551 de
737 3491 775 3552 te
796 3501 875 3553 non
891 3473 1085 3553 nescirent
1104 3473 1189 3567 alii,
1205 3494 1288 3551 cum

150 3613 228 3664 non
244 3586 367 3695 polles
379 3586 459 3696 ipse
476 3587 573 3694 quin
589 3584 746 3664 tibimet
758 3583 963 3678 conscires,
981 3603 1114 3663 tamen
1127 3579 1289 3663 incredi-

147 3697 235 3791 bili,
250 3715 289 3775 et
300 3698 516 3776 execranda
529 3697 699 3806 quadam
714 3696 918 3805 impietate
930 3695 1061 3807 palam
1073 3695 1195 3775 audes
1207 3720 1291 3805 pru-

150 3809 266 3901 fiteri,
288 3826 326 3886 te
347 3809 429 3887 Dei
445 3809 606 3914 gloriam
626 3807 730 3887 unici
748 3837 930 3916 quaerere,
953 3826 992 3889 et
1007 3805 1233 3888 vindicare:
1258 3821 1294 3884 et

149 3921 247 4000 dum
262 3919 343 4028 ipse
358 3921 575 4029 turpiffima
586 3921 739 4029 quaeris,
752 3919 867 3998 fimul
879 3918 1055 4000 accusare
1070 3915 1294 4028 alios,quod

141 4032 297 4142 pietatis
309 4033 457 4111 larvam
468 4031 682 4111 criminibus
692 4031 899 4139 imponant:
918 4059 1012 4111 cum
1025 4029 1065 4109 id
1078 4057 1202 4112 nemo
1215 4056 1297 4111 ma·

148 4144 324 4227 nisestius
350 4172 395 4223 ac
417 4144 636 4224 sceleratius
663 4171 784 4252 quam
808 4163 850 4222 tu
874 4141 954 4251 ipse
980 4140 1092 4234 facis,
1120 4168 1296 4253 unquam

147 4257 299 4339 lecerit.
363 4255 436 4336 Ad
459 4285 585 4336 rerum
610 4256 668 4334 ais
694 4255 879 4363 gestarum
899 4253 1037 4360 seriem
1064 4281 1200 4362 magno
1228 4253 1299 4335 tibi

133 4371 251 4481 suff
269 4368 474 4475 adjumento
494 4399 576 4451 cum
597 4367 687 4447 alios
700 4367 908 4475 scriptores
926 4385 1007 4449 tum
1022 4367 1185 4449 maxime
1203 4369 1297 4449 elen-
