2888 5204
250 238 302 313 42
519 201 609 292 Pro
631 196 814 328 Populo
841 195 1107 327 Anglicano

244 403 328 481 gem
346 374 416 480 nifi
430 375 551 453 Deus.
611 375 665 453 Et
684 391 816 452 tamen
837 372 999 452 similius
1017 373 1100 451 veri
1118 371 1289 464 videtur,
1310 369 1393 447 Da·

247 486 382 564 videm
402 484 483 563 haec
502 484 699 592 scripfisse,
719 482 813 564 clim
833 481 983 563 {Saule
1003 501 1181 577 vexatus,
1202 510 1251 561 ne
1271 483 1393 586 Jona-

249 595 378 676 thanis
397 597 562 705 quidem
574 595 787 702 judicium,
808 597 988 704 quamvis
1000 595 1086 702 jam
1106 613 1192 675 tum
1213 587 1395 672 unctus&

251 708 357 801 Deo,
381 707 632 800 detrectabat,
639 708 683 812 fi
708 708 756 816 ss
783 708 821 786 in
844 737 899 787 me
925 706 1116 817 iniquitas,
1145 725 1191 787 tu
1214 734 1272 785 me
1294 703 1396 813 effice

248 836 378 912 morte,
398 820 543 928 inquit,
569 846 582 897 1
617 821 724 898 Sam.
756 845 822 898 20.
851 819 991 899 deinde
1017 837 1063 898 ut
1081 820 1209 926 quivis
1227 817 1329 896 alius
1347 815 1395 895 ab

248 929 477 1010 hominibus
488 928 583 1010 fallo
598 930 811 1025 accusatus,
823 929 872 1009 ad
879 930 1077 1035 judicium
1093 931 1174 1009 Dei
1188 945 1393 1040 provocat3

249 1043 291 1122 id
307 1042 505 1151 sequentia
520 1043 732 1136 declarant,
746 1044 809 1122 tui
818 1043 916 1123 oculi
927 1041 1068 1135 vident,
1080 1071 1164 1152 quae
1175 1038 1396 1147 retiaswrt,

250 1152 333 1234 cum
351 1153 603 1264 exploraveris
621 1183 685 1234 cor
703 1183 832 1247 meum,
846 1171 921 1234 etc.
939 1151 1127 1262 quidhoc
1142 1152 1396 1259 adjudicium

250 1267 421 1373 regium,
441 1285 508 1346 aut
526 1263 704 1345 forense?
763 1264 860 1345 Sane
873 1265 938 1371 jus
958 1267 1114 1373 regium
1132 1264 1192 1344 illi
1218 1260 1396 1344 maxime

248 1376 482 1457 labefadtant
496 1395 613 1484 atque
628 1375 845 1470 destruunt,
861 1378 931 1485 qui
943 1375 1209 1457 fundamentis
1223 1396 1307 1457 tam
1322 1373 1396 1454 fal-

249 1489 399 1569 lacibus
423 1487 510 1582 niti,
534 1506 651 1596 atque
681 1488 911 1567 exaedificari
931 1489 1113 1596 produnt.
1172 1490 1237 1568 En
1256 1488 1396 1568 tritum

250 1600 349 1679 illud
369 1601 542 1693 tandem,
563 1618 602 1678 et
619 1599 839 1679 aulicorum
858 1601 1089 1681 nostratium
1114 1616 1397 1708 argumentum

249 1712 500 1821 palmarium.
558 1710 641 1790 Tibi
642 1711 722 1818 stili
730 1712 902 1820 peccavi,
925 1711 1023 1791 Psal.
1041 1737 1108 1820 51.
1125 1713 1166 1793 6.
1183 1711 1292 1820 quafi
1303 1706 1397 1790 vero

250 1852 320 1902 rex
336 1823 467 1903 David
484 1823 524 1901 in
540 1849 707 1902 moerore
722 1842 762 1902 et
778 1823 959 1930 lacrymis
971 1823 1246 1932 poenitentiam
1261 1848 1395 1929 agens,

250 1934 464 2015 sordidatus
484 1953 523 2014 et
542 1933 737 2042 squalidus
756 1935 798 2013 in
819 1954 918 2014 terra
925 1935 1072 2040 jacens,
1088 1934 1397 2015 misericordiam

249 2044 272 2126 a
291 2049 383 2128 Deo
401 2046 626 2154 suppliciter
641 2065 792 2154 petens,
811 2047 1085 2154 quicquamde
1095 2046 1184 2152 jure
1203 2045 1315 2152 regio
1329 2072 1397 2125 co·

250 2158 432 2265 giraverit
460 2156 541 2237 haec
566 2156 776 2265 loquutus;
816 2154 911 2237 ci1m
937 2157 974 2236 se
999 2159 1068 2236 vix
1087 2159 1176 2263 jure
1205 2154 1398 2265 mancipii

249 2271 417 2375 dignum
433 2268 507 2347 effe
523 2267 786 2348 arbitraretur.
830 2271 897 2348 An
913 2296 1074 2349 omnem
1087 2270 1167 2349 Dei
1182 2269 1395 2379 populum,

249 2377 386 2459 fratres
406 2379 491 2459 suos
511 2379 631 2487 usque
647 2378 744 2459 adeo
759 2408 836 2490 prae
848 2379 885 2459 se
897 2381 1144 2490 contempsit,
1157 2399 1203 2460 ut
1211 2379 1396 2473 caedibus,

250 2490 465 2583 adulteriis,
478 2492 623 2599 rapinis
636 2518 797 2600 peccare
812 2492 930 2571 ineos
944 2520 1022 2572 non
1036 2492 1072 2572 se
1086 2492 1190 2603 posse
1202 2490 1395 2571 censeret?

249 2602 346 2682 absit
364 2599 386 2681 d
405 2629 496 2709 rege
517 2620 598 2682 tam
619 2601 747 2681 saneto
767 2620 873 2682 tanta
894 2603 1086 2711 superbia,
1112 2624 1273 2712 tamque
1292 2601 1398 2682 foeda

249 2714 443 2821 ignoratio
461 2714 525 2793 vel
544 2713 600 2792 sui
614 2713 675 2793 vel
692 2715 880 2823 proximi.
946 2715 1029 2794 Tibi
1039 2717 1161 2823 igitur
1156 2715 1238 2822 soli
1238 2712 1403 2824 peccavi

249 2824 509 2933 proculdubio
531 2825 833 2932 intelligendum
859 2826 929 2918 est,
950 2826 1023 2906 tibi
1048 2824 1256 2937 praecipue.
1317 2828 1398 2906 Ut·

250 2964 405 3044 cunque
440 2936 499 3029 fit,
526 2935 704 3046 profesto
737 2937 855 3016 verba
885 2936 1096 3046 psallentis,
1126 2956 1167 3017 et
1200 2937 1398 3017 sententiae

250 3047 453 3128 affectibus
473 3048 597 3157 plenae
616 3045 921 3156 haudquaquam
941 3049 1029 3129 sunt
1048 3049 1095 3128 ad
1108 3049 1172 3154 jus
1191 3049 1398 3159 explican-

248 3160 346 3239 dum
366 3158 684 3254 accommodatae,
704 3179 772 3239 aut
791 3159 839 3238 ed
862 3160 1067 3241 trahendae.
1127 3164 1185 3239 At
1202 3190 1272 3240 non
1290 3160 1342 3269 est
1359 3161 1398 3241 in

237 3269 308 3375 jus
333 3290 501 3364 vocatus,
529 3301 594 3352 nec
620 3300 743 3350 coram
757 3269 930 3378 synedrio
956 3271 1101 3378 causam
1128 3272 1263 3380 capite's
1283 3271 1397 3352 dixit.

250 3383 369 3462 Esto:
401 3384 471 3490 qui
490 3383 598 3461 enim
617 3384 747 3490 potuit
773 3382 813 3461 id
833 3382 975 3475 resciri,
995 3382 1102 3492 quod
1120 3382 1218 3462 adeo
1238 3383 1317 3462 fine
1334 3411 1399 3463 ar-

249 3494 375 3587 bitris,
396 3513 436 3572 et
454 3492 600 3573 secreto
614 3497 814 3602 peractum
831 3493 922 3587 suit,
937 3513 982 3574 ut
997 3523 1066 3603 per
1077 3495 1228 3602 aliquot
1241 3491 1398 3574 fortasse

249 3632 369 3684 annos
388 3603 623 3711 (cujusmodi
642 3603 738 3682 aulae
755 3632 893 3684 arcana
912 3604 1013 3714 sunt)
1027 3607 1096 3685 vix
1108 3633 1208 3685 unus
1220 3623 1289 3685 aut
1299 3605 1400 3685 alter

248 3714 422 3795 conscius
439 3714 550 3794 fuisse
561 3714 750 3794 videatur.
768 3742 790 3795 2
806 3718 910 3796 Sam.
932 3743 994 3796 12.
1011 3715 1396 3826 Tulrocclamfecpsi.

250 3827 408 3906 Deinde
430 3827 524 3935 quid
553 3827 580 3905 fi
611 3827 652 3905 in
675 3828 835 3935 privatis
858 3829 979 3907 etiarn
1007 3827 1215 3939 puniendis
1237 3828 1399 3909 cessaret

250 3938 501 4045 synedrium?
530 3965 580 4017 an
602 3939 690 4045 quis
716 3939 807 4018 inde
832 3941 1050 4047 puniendos
1077 3968 1155 4019 non
1183 3938 1258 4019 effe
1277 3967 1399 4048 argu·

249 4049 515 4129 mentabitur?
570 4051 645 4128 Sed
658 4050 755 4129 ratio
770 4050 931 4130 obscura
946 4079 1024 4130 non
1037 4052 1116 4149 est3
1147 4051 1227 4159 ipse
1246 4050 1284 4131 se
1298 4078 1398 4131 con·

248 4162 510 4241 demnaverat.
538 4188 575 4238 v.
602 4187 641 4267 5.
666 4190 751 4240 reus
776 4162 910 4270 capitis
933 4163 1000 4242 vir
1024 4164 1086 4243 ille
1106 4163 1173 4272 qui
1181 4161 1287 4270 fecit
1310 4164 1398 4256 hoc,·

248 4275 313 4353 cui
334 4271 462 4352 statim
482 4270 636 4376 subjicit
652 4271 858 4381 propheta,
878 4290 923 4352 tu
940 4274 1007 4353 vir
1025 4275 1086 4354 ille
1107 4304 1163 4368 es,·
1195 4273 1400 4384 prophetae

246 4386 367 4464 etiam
384 4383 537 4490 judicio
561 4383 699 4492 capitis
722 4412 824 4465 reus.
883 4385 1154 4466 Veruntamen
1185 4389 1301 4466 Deus
1326 4414 1400 4497 pro
