2888 5204
241 613 293 671 22
511 579 604 672 Pro
628 574 814 710 Populo
839 574 1108 709 Anglicano

245 747 453 827 nabantur.
512 749 682 828 Sublatis
714 747 909 857 episeopis
941 769 983 830 et
1008 747 1273 830 sacerdotibus
1300 774 1397 855 quos

249 859 546 939 Pluralistarum
579 879 619 940 et
649 887 728 940 non
760 860 1014 942 refidentium
1038 863 1200 941 nomine
1219 859 1396 939 insediari

245 969 584 1051 vehementissime
599 972 787 1066 solebant,
803 975 846 1052 iu
865 1002 1005 1054 eorum
1021 973 1259 1082 ampliffima
1274 971 1394 1051 sacer·

246 1083 370 1178 dotia,
389 1082 456 1164 hic
475 1085 582 1178 bina,
608 1084 674 1163 ille
695 1085 811 1179 trina,
829 1082 952 1193 quim
970 1083 1156 1193 ocyffime
1179 1084 1394 1164 irruebant:

249 1195 353 1274 unde
377 1194 464 1275 suos
492 1222 631 1304 greges
659 1192 780 1304 quim
805 1199 972 1306 turpiter
998 1198 1203 1305 negligant
1231 1195 1397 1305 pastores

250 1306 313 1385 isti
342 1306 486 1386 meritb
514 1309 679 1416 egregii,
704 1336 823 1388 nemo
849 1336 929 1388 non
949 1310 1076 1389 videt:
1107 1308 1240 1387 nullus
1258 1305 1399 1417 pudor,

252 1420 361 1499 nulla
391 1421 565 1500 numinis
587 1422 801 1500 reverentia
820 1420 1021 1500 dementes
1039 1421 1256 1529 cupiditate
1276 1437 1318 1499 et
1336 1416 1399 1496 fu·

253 1531 371 1611 riatos
399 1529 585 1612 cohibere
613 1533 759 1642 potuit,
775 1533 901 1612 donec
927 1533 1092 1642 peffimo
1110 1532 1280 1613 ecclefiae
1298 1528 1398 1640 pub-

254 1642 333 1722 lico
362 1644 501 1723 eidem
520 1645 591 1753 ipfi
610 1643 776 1724 infamii
794 1643 1015 1751 flagrarent,
1030 1673 1152 1755 quam
1171 1642 1294 1753 paulb
1313 1638 1399 1722 anti

255 1753 518 1835 sacerdotibus
538 1756 756 1836 inusserant
817 1757 941 1836 Nunc
959 1756 1067 1865 qubd
1085 1757 1247 1837 avaritia
1261 1780 1398 1834 eorum

256 1867 433 1947 nondum
453 1866 586 1947 satiata
604 1867 674 1962 est,
695 1865 818 1977 qubd,
839 1869 993 1976 inquies
1011 1868 1229 1948 ambitione
1247 1867 1399 1945 animus

256 1975 388 2056 turbas
407 1980 577 2073 concire,
597 2007 737 2088 pacem
755 1979 874 2059 odiffe
891 1979 1107 2074 consuevit,
1127 1982 1169 2058 in
1188 1977 1401 2084 Magistra-

257 2108 319 2168 tus
345 2091 416 2196 qui
440 2117 544 2171 nunc
567 2090 667 2185 sunt,
689 2093 728 2171 id
747 2091 854 2199 quod
871 2088 979 2200 prius
998 2094 1040 2170 in
1059 2118 1194 2198 regem
1214 2090 1399 2180 fecerant,

256 2200 435 2280 seditiose
472 2205 696 2282 concionari
732 2231 812 2282 non
849 2203 1052 2300 definunt;
1090 2230 1227 2310 regem
1257 2201 1402 2280 scilicet

258 2313 372 2421 pium
390 2314 601 2395 crudeliter
620 2315 835 2410 sublatum;
856 2343 977 2423 quem
994 2315 1114 2395 modb
1126 2315 1196 2423 ipfi
1207 2315 1305 2393 diris
1316 2340 1401 2392 om-

257 2424 372 2505 nibus
391 2427 595 2521 devotum,
615 2429 726 2507 omni
754 2425 989 2507 authoritate
1017 2428 1125 2536 regii
1143 2424 1401 2535 spoliandum,

257 2555 297 2615 et
322 2536 426 2617 bello
450 2537 553 2619 sacro
572 2538 900 2647 persequendum,
921 2541 962 2619 in
982 2567 1121 2619 manus
1141 2537 1401 2626 Parlameuto,

258 2648 365 2754 quafi
385 2647 587 2742 divinitus,
600 2651 858 2745 tradiderant;
881 2650 996 2730 sectas
1008 2651 1155 2731 scilicet
1170 2677 1249 2728 non
1265 2648 1403 2727 exstir-

261 2761 359 2868 pari,
380 2761 487 2867 quod
512 2761 617 2842 certe
641 2760 664 2841 i
683 2762 969 2869 magistratibus
988 2761 1182 2870 postulare
1201 2758 1403 2868 perabsur-

261 2871 358 2950 dum
382 2872 451 2965 est,
471 2875 542 2981 qui
562 2875 767 2953 avaritiam
786 2893 826 2952 et
844 2873 1119 2965 ambitionem,
1146 2900 1234 2980 quae
1259 2872 1346 2951 duae
1365 2871 1404 2948 in

261 2983 420 3062 ecclefia
444 2982 600 3065 haereses
620 2985 943 3094 perniciofiffimae
962 2985 1063 3080 sunt,
1079 3011 1131 3064 ex
1147 2982 1324 3094 ipsorum
1342 3008 1404 3061 or·

260 3093 352 3173 dine
372 3094 570 3203 pastorum
586 3124 631 3176 ac
647 3098 766 3191 tribu,
783 3096 893 3177 nullo
905 3096 1034 3176 adhuc
1045 3097 1166 3176 modo
1176 3115 1245 3174 aut
1259 3096 1405 3174 ratione

261 3207 472 3316 exstirpare
491 3208 710 3290 valuerunt.
769 3212 878 3318 Qas
907 3210 967 3288 illi
988 3208 1104 3288 scitas
1130 3208 1236 3317 apud
1255 3233 1327 3285 nos
1346 3205 1405 3284 in·

261 3315 469 3414 sectantur,
507 3319 685 3400 obscuras
721 3319 794 3399 effe
828 3320 921 3413 scio,
960 3348 1056 3427 quas
1091 3320 1161 3428 ipfi
1192 3318 1406 3427 sequuntur

262 3426 440 3523 famosas,
460 3448 500 3510 et
511 3431 678 3512 ecelefiae
690 3433 771 3511 Dei
788 3429 904 3537 longe
919 3431 1226 3541 periculofiores,
1238 3457 1406 3538 quarum

261 3542 458 3652 principes
488 3545 624 3622 Simon
658 3544 726 3621 ille
756 3543 918 3648 Magus,
938 3562 978 3622 et
1008 3543 1250 3652 Diotrephes
1283 3541 1405 3621 fuere.

263 3653 352 3734 Hos
372 3674 519 3748 tamen,
540 3655 761 3762 nequiffimi
780 3652 875 3733 cium
895 3653 981 3748 fint,
997 3653 1094 3734 adeb
1115 3680 1192 3734 non
1207 3653 1406 3762 persequi-

263 3792 369 3857 mur,
396 3787 440 3845 ut
465 3766 644 3859 fattiofis,
665 3785 705 3845 et
730 3780 789 3844 'res
817 3794 933 3845 novas
957 3767 1135 3873 quotidie
1155 3765 1407 3845 molientibus

263 3877 435 3956 nimium
464 3877 749 3984 indulgeamus.
810 3877 993 3956 Offendit
1014 3878 1099 3982 jam
1125 3896 1162 3957 te
1184 3876 1350 3957 Gallum
1369 3892 1407 3953 et

263 3986 542 4081 errabundum,
561 3990 668 4095 quod
688 3988 812 4097 Angli
816 3989 902 4097 stris
919 3989 1076 4094 moloffi's,
1091 4018 1176 4096 quae
1192 4008 1258 4068 tua
1270 3989 1408 4067 canina

263 4096 446 4179 facundia
465 4099 535 4192 est,
550 4101 770 4207 firmiores,
791 4101 942 4181 nullam
971 4102 1128 4208 legitimi
1139 4099 1355 4210 successori}
1372 4116 1408 4178 et

262 4210 418 4292 haeredis
447 4213 573 4318 regni,
602 4215 752 4292 nullam
785 4232 879 4294 natu
908 4213 1061 4306 minimi,
1089 4213 1239 4292 nullam
1267 4212 1408 4318 regina

264 4323 444 4404 Bolremiae
464 4325 655 4404 rationem
675 4322 896 4404 habuerint.
936 4326 1044 4404 Tute
1060 4322 1308 4433 respondebis
1321 4321 1407 4415 tibi,

263 4462 340 4514 non
362 4463 450 4541 ego.
514 4435 589 4516 Ubi
612 4435 753 4545 reipub.
760 4437 895 4544 forma
916 4455 1088 4517 mutatur
1113 4465 1159 4515 ex
1175 4435 1409 4516 monarchica

262 4544 301 4626 in
329 4547 458 4640 ulrum,
480 4578 548 4628 non
573 4547 689 4627 datur
693 4548 862 4654 succcrfflo
882 4550 981 4628 inter
999 4547 1203 4657 dffrentis
1221 4545 1417 4652 regiminis¹

262 4678 466 4740 curatores.
525 4661 730 4769 Apparatu
749 4661 798 4739 de
818 4661 1004 4769 primatu.
1065 4660 1241 4752 Minima,
1263 4659 1408 4766 inquis,

261 4773 371 4880 regni
378 4787 475 4879 pars
493 4768 575 4851 haec
594 4774 728 4852 omnia
740 4789 814 4880 per
831 4773 911 4853 tria
931 4773 1040 4880 regni
1048 4772 1212 4882 effecit:
1239 4790 1281 4851 et
1298 4770 1411 4880 digni
