2888 5204
396 550 670 688 Responfi03
696 580 786 654 etc.
1085 600 1155 680 191

127 729 274 823 statim,
287 748 475 838 tanquam
488 733 530 809 in
542 730 764 839 speculo,
728 758 859 810 vnum
870 729 1161 842 conspeximus.

140 841 265 948 igitur
284 843 344 935 fit,
369 841 457 952 pbst
474 841 710 922 videbimus
768 843 863 923 Hoc
885 843 1012 923 verb
995 871 1082 949 Jam
1104 863 1162 925 ta-

124 980 190 1033 ron
202 952 373 1063 possum,
385 952 593 1035 hominem
603 954 803 1062 quendam
814 953 926 1035 valde
938 955 1162 1051 obscurum,

124 1093 190 1145 em
205 1094 300 1145 eum
314 1065 390 1146 esse
400 1093 611 1177 apparere;
633 1069 705 1175 qui
719 1085 850 1146 tamen
866 1067 1086 1174 arrogantis
1097 1067 1162 1147 sub

124 1176 302 1286 laciisque
314 1176 450 1272 fretus,
463 1199 509 1258 ut
520 1198 757 1259 morientem
769 1196 809 1257 et
821 1177 921 1287 penb
936 1177 1162 1259 defundtam

133 1288 191 1369 sui
206 1289 374 1370 caussam
399 1291 690 1398 aliquantulum
714 1289 933 1371 resuscitare
952 1293 1162 1386 videretur,

126 1428 303 1510 numque
322 1403 475 1482 animos
487 1402 574 1508 jam
590 1401 751 1497 sedatos,
765 1421 804 1481 et
817 1402 991 1532 judiciis·
994 1405 1075 1483 Dei
1088 1404 1163 1483 sta-

124 1515 358 1621 requieturos
377 1516 525 1594 iterum
542 1532 813 1595 commoveret
837 1532 955 1622 atque
980 1515 1162 1609 irritaret,

124 1626 415 1734 Omnipotentis
435 1626 643 1720 voluntati,
676 1625 915 1732 summaeque
939 1626 1097 1731 justitiae
1127 1625 1164 1706 se

124 1764 212 1816 nere
240 1736 378 1846 (quam
404 1736 519 1817 ille
489 1757 571 1818 tam
593 1735 808 1845 ins1gnibus
832 1757 872 1816 et
894 1738 1111 1818 mirandis'
1100 1766 1165 1818 rrae

127 1851 297 1958 xemplis
314 1851 354 1930 in
370 1878 522 1958 regem,
540 1850 717 1958 regisque
737 1846 907 1929 fautores
927 1850 1057 1944 editis,
1072 1878 1162 1930 om-

124 1993 126 2035 :
143 1961 228 2039 vult
245 1961 318 2041 effe
333 1964 485 2068 notam)
512 1980 552 2041 et
574 1962 774 2070 supremos
790 1960 1014 2071 reipublicae
1028 1962 1164 2042 nostrae

124 2072 269 2152 istratus
288 2075 480 2167 accusare,
496 2073 753 2181 convitiisque
773 2074 1046 2182 indignissimis
1061 2073 1163 2156 infa-

133 2183 245 2263 ausus
260 2186 326 2266 est
385 2188 657 2266 Veruntamen
673 2189 726 2266 ita
737 2185 987 2295 obtorpescit,
1006 2206 1086 2267 tam
1103 2189 1164 2265 in-

124 2296 217 2390 test,
235 2315 396 2406 tamque
409 2297 714 2378 somniculosum
730 2297 766 2376 se
786 2296 929 2405 glirem
945 2298 1103 2406 praebet,
1120 2315 1165 2377 ut

124 2408 270 2488 limum
293 2410 426 2491 cauffae
449 2411 555 2489 suae
539 2438 624 2515 Jam
643 2409 880 2516 languentis,
906 2428 946 2487 et
970 2410 1010 2488 in
1035 2428 1164 2490 totum

128 2520 290 2630 perditae
304 2550 422 2601 omen
439 2551 516 2631 prae
536 2522 573 2601 se
592 2519 704 2602 ferat.
752 2521 952 2599 Omnium
972 2520 1081 2600 enim
1093 2522 1164 2601 de-

124 2634 241 2712 imam
268 2653 385 2742 atque
410 2634 692 2775 iniquissimam
723 2630 829 2712 certe
860 2630 1030 2712 caussam
1054 2632 1165 2713 illam

124 2743 341 2838 feestelfe,
366 2746 504 2881 quain
530 2745 774 2825 defendendi
793 2743 1016 2825 fautores
983 2770 1064 2850 eJus
1084 2771 1163 2825 non

124 2885 140 2935 1
153 2884 287 2952 armis,
300 2854 440 2937 verbm
455 2858 576 2936 etiam
589 2859 736 2937 ratione
749 2875 789 2936 et
804 2857 1045 2964 argumentis
1061 2855 1164 2937 infe·

124 2968 246 3048 ;.fint
305 2968 497 3048 Meritb'
485 2970 609 3075 igitur
635 2965 730 3048 cirm
760 2969 846 3049 talis
873 2967 979 3061 esset,
1005 2968 1054 3048 ab
1081 2968 1165 3098 ipso

124 3106 192 3159 >no
212 3081 410 3189 neglectus
430 3100 470 3159 et
492 3099 743 3189 contemptus
767 3080 835 3159 est.
895 3079 1033 3160 Multo
1057 3081 1166 3160 enim

125 3189 211 3270 nior
222 3193 270 3271 ab
282 3192 466 3271 omnibus
480 3192 790 3285 existimabatur,
807 3220 929 3300 quam
942 3210 987 3271 ut
997 3190 1164 3300 spestata

123 3303 293 3383 t'acundia
313 3304 440 3384 limati
456 3305 562 3384 illius
581 3323 698 3411 atque
712 3304 809 3384 culti
824 3301 999 3383 authoris
1011 3305 1059 3384 ad
1074 3332 1165 3385 eru·

124 3415 640 3524 sterqurlrnra,rap1damque
653 3415 933 3524 loquacttatem
945 3433 1026 3494 tam
1040 3415 1165 3495 effrae-

125 3545 218 3634 tque
247 3527 353 3608 stulti
385 3527 595 3609 blateronis
623 3526 869 3607 refutandam
900 3524 1162 3606 descenderet.

124 3666 168 3719 m
181 3637 229 3719 ni:
242 3641 343 3719 inter
354 3639 440 3720 suos
455 3638 661 3747 perfugas
650 3641 774 3719 inanis
788 3639 857 3718 iste
869 3637 1003 3717 rabula
1019 3636 1056 3716 se
1067 3664 1163 3716 ven·

124 3769 208 3830 etet
226 3752 376 3860 aliquid
395 3780 601 3858 magnum,
629 3752 692 3831 vel
714 3752 823 3860 quod
842 3777 921 3831 uno
941 3747 1027 3829 sane
1047 3776 1164 3887 pran-

141 3863 309 3993 dignum
324 3864 384 3957 fit,
405 3862 442 3943 se
460 3862 640 3973 scripfiffe
655 3864 843 3956 crederet,
864 3856 1108 3970 equidem
1069 3889 1164 3942 cum

124 3976 246 4055 triam
270 3978 426 4085 pietate,
456 3995 543 4056 tum
569 3975 785 4056 instauratae
809 4002 935 4103 nuper
954 3972 1165 4054 Libertatis

137 4114 207 4167 nos
222 4116 355 4168 amore
378 4088 532 4183 duetus,
559 4114 712 4167 necnon
736 4087 794 4166 illi
818 4087 938 4166 etiam
957 4087 1043 4167 viro
1062 4083 1165 4166 mihi

125 4226 168 4278 er
182 4199 433 4294 observando,
447 4228 569 4308 quem
586 4200 656 4279 iste
671 4198 891 4292 insectatur,
908 4198 1044 4278 multis
1058 4198 1164 4278 offi-

124 4311 323 4405 levinstus,
344 4313 425 4420 pati
444 4340 523 4391 non
543 4331 736 4421 poteram,
753 4311 938 4418 quinJ
870 4307 938 4415 huj
942 4339 988 4390 us
1003 4310 1165 4420 ineptis-

127 4421 335 4503 nebulonis
365 4423 624 4532 petulantiam
653 4421 938 4502 retundendam
966 4419 1083 4516 mihi,
1115 4421 1165 4503 nb

124 4536 370 4664 mquidem,
387 4534 632 4645 susciperem
671 4534 1056 4648 Qemadmodum
1045 4535 1166 4640 igitur

124 4674 191 4726 anr
180 4647 306 4727 olim
324 4649 522 4728 Tirones
510 4676 552 4726 1n
572 4647 737 4776 paulum
756 4645 792 4725 se
813 4645 945 4755 primb
964 4645 1103 4754 gladiis
1125 4663 1167 4725 et

124 4758 372 4853 exercebant,
403 4760 456 4840 ita
482 4787 557 4868 ego
585 4760 625 4838 in
652 4756 759 4839 hunc
786 4757 992 4838 caudicem
1021 4755 1164 4864 stylum
