<?xml version="1.0" encoding="UTF-8"?>
<!DOCTYPE html PUBLIC "-//W3C//DTD XHTML 1.0 Transitional//EN"
    "http://www.w3.org/TR/xhtml1/DTD/xhtml1-transitional.dtd">
<html xmlns="http://www.w3.org/1999/xhtml" xml:lang="en" lang="en">
 <head>
  <title>
</title>
<meta http-equiv="Content-Type" content="text/html;charset=utf-8" />
  <meta name='ocr-system' content='tesseract 3.04.00' />
  <meta name='ocr-capabilities' content='ocr_page ocr_carea ocr_par ocr_line ocrx_word'/>
</head>
<body>
  <div class='ocr_page' id='page_1' title='image "./worksjohnmilton07miltgoog_0230.png"; bbox 0 0 2888 5204; ppageno 0'>
   <div class='ocr_carea' id='block_1_1' title="bbox 455 559 1236 698">
    <p class='ocr_par' dir='ltr' id='par_1_1' title="bbox 455 559 1236 698">
     <span class='ocr_line' id='line_1_1' title="bbox 455 559 1236 698; baseline -0.001 -39"><span class='ocrx_word' id='word_1_1' title='bbox 455 559 730 698; x_wconf 83' lang='lat' dir='ltr'><em>Responsio,</em></span> <span class='ocrx_word' id='word_1_2' title='bbox 755 590 845 662; x_wconf 91' lang='lat' dir='ltr'><em>etc.</em></span> <span class='ocrx_word' id='word_1_3' title='bbox 1158 603 1236 684; x_wconf 83' lang='lat'><em>2¹3</em></span> 
     </span>
    </p>
   </div>
   <div class='ocr_carea' id='block_1_2' title="bbox 112 737 1241 4886">
    <p class='ocr_par' dir='ltr' id='par_1_2' title="bbox 112 737 1241 4886">
     <span class='ocr_line' id='line_1_2' title="bbox 112 737 1236 849; baseline 0.002 -29"><span class='ocrx_word' id='word_1_4' title='bbox 112 740 161 820; x_wconf 76' lang='lat' dir='ltr'><em>nd</em></span> <span class='ocrx_word' id='word_1_5' title='bbox 169 738 276 845; x_wconf 89' lang='lat' dir='ltr'><em>jure,</em></span> <span class='ocrx_word' id='word_1_6' title='bbox 296 740 377 847; x_wconf 68' lang='lat' dir='ltr'><em>qud</em></span> <span class='ocrx_word' id='word_1_7' title='bbox 395 739 483 847; x_wconf 85' lang='lat' dir='ltr'><em>lege</em></span> <span class='ocrx_word' id='word_1_8' title='bbox 503 738 655 821; x_wconf 72' lang='lat' dir='ltr'><em>factum</em></span> <span class='ocrx_word' id='word_1_9' title='bbox 674 741 849 849; x_wconf 93' lang='lat' dir='ltr'><em>quidque</em></span> <span class='ocrx_word' id='word_1_10' title='bbox 869 737 891 820; x_wconf 76' lang='grc' dir='ltr'>ὲ</span> <span class='ocrx_word' id='word_1_11' title='bbox 910 741 1023 822; x_wconf 93' lang='lat' dir='ltr'><em>nobis</em></span> <span class='ocrx_word' id='word_1_12' title='bbox 1047 743 1106 840; x_wconf 85' lang='lat' dir='ltr'><em>fit,</em></span> <span class='ocrx_word' id='word_1_13' title='bbox 1126 743 1154 822; x_wconf 92' lang='lat' dir='ltr'>fi</span> <span class='ocrx_word' id='word_1_14' title='bbox 1177 742 1236 822; x_wconf 94' lang='lat' dir='ltr'><em>le-</em></span> 
     </span>
     <span class='ocr_line' id='line_1_3' title="bbox 112 852 1234 959; baseline 0.002 -26"><span class='ocrx_word' id='word_1_15' title='bbox 112 878 148 933; x_wconf 76' lang='lat' dir='ltr'><em>es</em></span> <span class='ocrx_word' id='word_1_16' title='bbox 168 879 250 931; x_wconf 94' lang='lat' dir='ltr'><em>non</em></span> <span class='ocrx_word' id='word_1_17' title='bbox 270 853 495 946; x_wconf 82' lang='lat' dir='ltr'>recitamus,</span> <span class='ocrx_word' id='word_1_18' title='bbox 515 872 651 932; x_wconf 90' lang='lat' dir='ltr'><em>contra</em></span> <span class='ocrx_word' id='word_1_19' title='bbox 670 882 733 932; x_wconf 90' lang='lat' dir='ltr'><em>eas</em></span> <span class='ocrx_word' id='word_1_20' title='bbox 749 852 878 933; x_wconf 83' lang='lat' dir='ltr'><em>feciffe</em></span> <span class='ocrx_word' id='word_1_21' title='bbox 895 853 1175 959; x_wconf 87' lang='lat' dir='ltr'><em>nosjudicent;</em></span> <span class='ocrx_word' id='word_1_22' title='bbox 1206 856 1234 935; x_wconf 86' lang='lat' dir='ltr'>fi</span> 
     </span>
     <span class='ocr_line' id='line_1_4' title="bbox 112 963 1235 1074; baseline 0.002 -31"><span class='ocrx_word' id='word_1_23' title='bbox 112 990 187 1073; x_wconf 85' lang='lat' dir='ltr'><em>ges</em></span> <span class='ocrx_word' id='word_1_24' title='bbox 207 965 352 1044; x_wconf 85' lang='lat' dir='ltr'><em>nostras</em></span> <span class='ocrx_word' id='word_1_25' title='bbox 371 963 610 1074; x_wconf 90' lang='lat' dir='ltr'><em>proferimus</em></span> <span class='ocrx_word' id='word_1_26' title='bbox 629 967 821 1073; x_wconf 89' lang='lat' dir='ltr'><em>antiquas,</em></span> <span class='ocrx_word' id='word_1_27' title='bbox 842 985 956 1060; x_wconf 89' lang='lat' dir='ltr'><em>ratas,</em></span> <span class='ocrx_word' id='word_1_28' title='bbox 977 985 1094 1074; x_wconf 90' lang='lat' dir='ltr'><em>atque</em></span> <span class='ocrx_word' id='word_1_29' title='bbox 1114 966 1235 1047; x_wconf 89' lang='lat' dir='ltr'><em>notis-</em></span> 
     </span>
     <span class='ocr_line' id='line_1_5' title="bbox 112 1073 1232 1186; baseline -0.001 -27"><span class='ocrx_word' id='word_1_30' title='bbox 112 1102 209 1170; x_wconf 67' lang='grc' dir='ltr'><em>ωε,</em></span> <span class='ocrx_word' id='word_1_31' title='bbox 229 1073 274 1155; x_wconf 92' lang='lat' dir='ltr'><em>hi</em></span> <span class='ocrx_word' id='word_1_32' title='bbox 293 1076 424 1157; x_wconf 87' lang='lat' dir='ltr'><em>statim</em></span> <span class='ocrx_word' id='word_1_33' title='bbox 443 1076 613 1183; x_wconf 68' lang='lat' dir='ltr'><em>obstuletus</em></span> <span class='ocrx_word' id='word_1_34' title='bbox 631 1095 669 1157; x_wconf 88' lang='lat' dir='ltr'><em>et</em></span> <span class='ocrx_word' id='word_1_35' title='bbox 686 1076 815 1157; x_wconf 75' lang='lat' dir='ltr'><em>meritd</em></span> <span class='ocrx_word' id='word_1_36' title='bbox 834 1078 995 1186; x_wconf 78' lang='lat' dir='ltr'><em>explostes</em></span> <span class='ocrx_word' id='word_1_37' title='bbox 1006 1078 1080 1158; x_wconf 84' lang='lat' dir='ltr'><em>effe</em></span> <span class='ocrx_word' id='word_1_38' title='bbox 1100 1080 1232 1159; x_wconf 74' lang='lat' dir='ltr'><em>aiuntt</em></span> 
     </span>
     <span class='ocr_line' id='line_1_6' title="bbox 112 1189 1233 1300; baseline -0.001 -29"><span class='ocrx_word' id='word_1_39' title='bbox 112 1216 153 1271; x_wconf 71' lang='lat' dir='ltr'><em>ec</em></span> <span class='ocrx_word' id='word_1_40' title='bbox 170 1207 307 1269; x_wconf 87' lang='lat' dir='ltr'><em>tamen</em></span> <span class='ocrx_word' id='word_1_41' title='bbox 317 1217 399 1298; x_wconf 92' lang='lat' dir='ltr'><em>quo</em></span> <span class='ocrx_word' id='word_1_42' title='bbox 415 1209 593 1300; x_wconf 88' lang='lat' dir='ltr'><em>tempore</em></span> <span class='ocrx_word' id='word_1_43' title='bbox 607 1189 773 1299; x_wconf 87' lang='lat' dir='ltr'><em>explosae</em></span> <span class='ocrx_word' id='word_1_44' title='bbox 785 1209 852 1268; x_wconf 90' lang='lat' dir='ltr'><em>aut</em></span> <span class='ocrx_word' id='word_1_45' title='bbox 865 1190 1057 1298; x_wconf 80' lang='lat' dir='ltr'><em>abrogatae</em></span> <span class='ocrx_word' id='word_1_46' title='bbox 1071 1189 1233 1285; x_wconf 89' lang='lat' dir='ltr'><em>fuerint,</em></span> 
     </span>
     <span class='ocr_line' id='line_1_7' title="bbox 112 1299 1234 1413; baseline -0.001 -31"><span class='ocrx_word' id='word_1_47' title='bbox 112 1302 247 1413; x_wconf 64' lang='lat' dir='ltr'><em>lluam</em></span> <span class='ocrx_word' id='word_1_48' title='bbox 260 1299 482 1381; x_wconf 89' lang='lat' dir='ltr'><em>ostendunt.</em></span> <span class='ocrx_word' id='word_1_49' title='bbox 534 1302 608 1395; x_wconf 91' lang='lat' dir='ltr'><em>Ita,</em></span> <span class='ocrx_word' id='word_1_50' title='bbox 621 1303 719 1381; x_wconf 93' lang='lat' dir='ltr'><em>dum</em></span> <span class='ocrx_word' id='word_1_51' title='bbox 733 1303 980 1410; x_wconf 85' lang='lat' dir='ltr'>tyrannidem</span> <span class='ocrx_word' id='word_1_52' title='bbox 996 1304 1074 1382; x_wconf 88' lang='lat' dir='ltr'><em>fine</em></span> <span class='ocrx_word' id='word_1_53' title='bbox 1087 1304 1234 1383; x_wconf 89' lang='lat' dir='ltr'><em>autori·</em></span> 
     </span>
     <span class='ocr_line' id='line_1_8' title="bbox 112 1410 1233 1524; baseline -0.002 -28"><span class='ocrx_word' id='word_1_54' title='bbox 112 1433 158 1496; x_wconf 78' lang='lat' dir='ltr'><em>te</em></span> <span class='ocrx_word' id='word_1_55' title='bbox 183 1413 345 1494; x_wconf 85' lang='lat' dir='ltr'><em>afferere</em></span> <span class='ocrx_word' id='word_1_56' title='bbox 373 1414 554 1523; x_wconf 91' lang='lat' dir='ltr'><em>cupiunt,</em></span> <span class='ocrx_word' id='word_1_57' title='bbox 579 1433 618 1492; x_wconf 92' lang='lat' dir='ltr'><em>et</em></span> <span class='ocrx_word' id='word_1_58' title='bbox 637 1434 766 1494; x_wconf 90' lang='lat' dir='ltr'><em>vetera</em></span> <span class='ocrx_word' id='word_1_59' title='bbox 793 1432 832 1493; x_wconf 91' lang='lat' dir='ltr'><em>et</em></span> <span class='ocrx_word' id='word_1_60' title='bbox 851 1441 950 1494; x_wconf 89' lang='lat' dir='ltr'><em>nova</em></span> <span class='ocrx_word' id='word_1_61' title='bbox 975 1410 1120 1524; x_wconf 86' lang='lat' dir='ltr'><em>pariter</em></span> <span class='ocrx_word' id='word_1_62' title='bbox 1143 1415 1233 1521; x_wconf 91' lang='lat' dir='ltr'><em>reji-</em></span> 
     </span>
     <span class='ocr_line' id='line_1_9' title="bbox 112 1524 1234 1636; baseline -0.001 -29"><span class='ocrx_word' id='word_1_63' title='bbox 112 1543 208 1607; x_wconf 88' lang='lat' dir='ltr'><em>unt.</em></span> <span class='ocrx_word' id='word_1_64' title='bbox 265 1524 418 1634; x_wconf 63' lang='lat' dir='ltr'><em>Quidni,</em></span> <span class='ocrx_word' id='word_1_65' title='bbox 438 1527 569 1634; x_wconf 87' lang='lat' dir='ltr'>inquis</span> <span class='ocrx_word' id='word_1_66' title='bbox 590 1527 738 1606; x_wconf 88' lang='lat' dir='ltr'><em>Uzzias</em></span> <span class='ocrx_word' id='word_1_67' title='bbox 757 1528 847 1606; x_wconf 88' lang='lat' dir='ltr'><em>Rex</em></span> <span class='ocrx_word' id='word_1_68' title='bbox 867 1525 1080 1636; x_wconf 79' lang='lat' dir='ltr'><em>leprosusd</em></span> <span class='ocrx_word' id='word_1_69' title='bbox 1101 1529 1234 1608; x_wconf 86' lang='lat' dir='ltr'><em>Sacer·</em></span> 
     </span>
     <span class='ocr_line' id='line_1_10' title="bbox 112 1637 1232 1748; baseline -0.003 -25"><span class='ocrx_word' id='word_1_70' title='bbox 112 1637 225 1723; x_wconf 62' lang='lat' dir='ltr'><em>tibus</em></span> <span class='ocrx_word' id='word_1_71' title='bbox 234 1639 366 1746; x_wconf 86' lang='lat' dir='ltr'><em>templo</em></span> <span class='ocrx_word' id='word_1_72' title='bbox 377 1637 659 1732; x_wconf 81' lang='lat' dir='ltr'><em>deturbaretur,</em></span> <span class='ocrx_word' id='word_1_73' title='bbox 675 1666 757 1718; x_wconf 86' lang='lat' dir='ltr'><em>cum</em></span> <span class='ocrx_word' id='word_1_74' title='bbox 773 1641 881 1719; x_wconf 90' lang='lat' dir='ltr'><em>Deus</em></span> <span class='ocrx_word' id='word_1_75' title='bbox 896 1639 1232 1748; x_wconf 81' lang='lat' dir='ltr'><em>lepraeprobandae,</em></span> 
     </span>
     <span class='ocr_line' id='line_1_11' title="bbox 130 1748 1234 1944; baseline 0.003 -116"><span class='ocrx_word' id='word_1_76' title='bbox 130 1751 267 1944; x_wconf 64' lang='lat' dir='ltr'><em>[Zroſs</em></span> <span class='ocrx_word' id='word_1_77' title='bbox 289 1751 401 1831; x_wconf 73' lang='lat' dir='ltr'><em>omnis</em></span> <span class='ocrx_word' id='word_1_78' title='bbox 425 1748 643 1832; x_wconf 82' lang='lat' dir='ltr'><em>excludendi</em></span> <span class='ocrx_word' id='word_1_79' title='bbox 651 1751 862 1859; x_wconf 85' lang='lat' dir='ltr'><em>potestatem</em></span> <span class='ocrx_word' id='word_1_80' title='bbox 880 1770 917 1830; x_wconf 87' lang='lat' dir='ltr'><em>et</em></span> <span class='ocrx_word' id='word_1_81' title='bbox 935 1750 1149 1831; x_wconf 82' lang='lat' dir='ltr'><em>mundatum</em></span> <span class='ocrx_word' id='word_1_82' title='bbox 1161 1751 1234 1859; x_wconf 88' lang='lat' dir='ltr'><em>sa-</em></span> 
     </span>
     <span class='ocr_line' id='line_1_12' title="bbox 112 1861 1234 1957; baseline 0 -14"><span class='ocrx_word' id='word_1_83' title='bbox 112 1892 142 1943; x_wconf 83' lang='lat' dir='ltr'><em>r</em></span> <span class='ocrx_word' id='word_1_84' title='bbox 186 1861 287 1943; x_wconf 83' lang='lat' dir='ltr'><em>tibus</em></span> <span class='ocrx_word' id='word_1_85' title='bbox 313 1861 477 1943; x_wconf 86' lang='lat' dir='ltr'><em>dederat.</em></span> <span class='ocrx_word' id='word_1_86' title='bbox 536 1864 593 1941; x_wconf 94' lang='lat' dir='ltr'><em>At</em></span> <span class='ocrx_word' id='word_1_87' title='bbox 611 1861 704 1942; x_wconf 75' lang='lat' dir='ltr'><em>vero</em></span> <span class='ocrx_word' id='word_1_88' title='bbox 730 1863 838 1941; x_wconf 91' lang='lat' dir='ltr'><em>idem</em></span> <span class='ocrx_word' id='word_1_89' title='bbox 862 1865 988 1957; x_wconf 92' lang='lat' dir='ltr'><em>Deus,</em></span> <span class='ocrx_word' id='word_1_90' title='bbox 1008 1863 1074 1943; x_wconf 85' lang='lat' dir='ltr'><em>lex</em></span> <span class='ocrx_word' id='word_1_91' title='bbox 1094 1864 1234 1944; x_wconf 91' lang='lat' dir='ltr'><em>eadem</em></span> 
     </span>
     <span class='ocr_line' id='line_1_13' title="bbox 112 1973 1235 2085; baseline -0.002 -28"><span class='ocrx_word' id='word_1_92' title='bbox 112 1976 213 2057; x_wconf 75' lang='lat' dir='ltr'><em>nanis</em></span> <span class='ocrx_word' id='word_1_93' title='bbox 242 1974 414 2055; x_wconf 89' lang='lat' dir='ltr'><em>malefici</em></span> <span class='ocrx_word' id='word_1_94' title='bbox 444 1974 634 2085; x_wconf 89' lang='lat' dir='ltr'><em>puniendi</em></span> <span class='ocrx_word' id='word_1_95' title='bbox 664 1973 898 2084; x_wconf 86' lang='lat' dir='ltr'><em>potestatem</em></span> <span class='ocrx_word' id='word_1_96' title='bbox 928 1994 968 2055; x_wconf 97' lang='lat' dir='ltr'><em>et</em></span> <span class='ocrx_word' id='word_1_97' title='bbox 1003 1978 1235 2056; x_wconf 85' lang='lat' dir='ltr'><em>mandatum</em></span> 
     </span>
     <span class='ocr_line' id='line_1_14' title="bbox 112 2086 1234 2198; baseline -0.002 -28"><span class='ocrx_word' id='word_1_98' title='bbox 112 2086 371 2198; x_wconf 68' lang='lat' dir='ltr'><em>mgiſtratibus</em></span> <span class='ocrx_word' id='word_1_99' title='bbox 389 2087 563 2180; x_wconf 88' lang='lat' dir='ltr'><em>dederat,</em></span> <span class='ocrx_word' id='word_1_100' title='bbox 584 2112 711 2194; x_wconf 91' lang='lat' dir='ltr'><em>neque</em></span> <span class='ocrx_word' id='word_1_101' title='bbox 726 2087 853 2194; x_wconf 86' lang='lat' dir='ltr'><em>magis</em></span> <span class='ocrx_word' id='word_1_102' title='bbox 868 2105 999 2167; x_wconf 88' lang='lat' dir='ltr'><em>tamen</em></span> <span class='ocrx_word' id='word_1_103' title='bbox 1015 2087 1155 2198; x_wconf 76' lang='lat' dir='ltr'><em>leprosi</em></span> <span class='ocrx_word' id='word_1_104' title='bbox 1172 2117 1234 2169; x_wconf 94' lang='lat' dir='ltr'><em>re-</em></span> 
     </span>
     <span class='ocr_line' id='line_1_15' title="bbox 112 2195 1233 2308; baseline 0 -27"><span class='ocrx_word' id='word_1_105' title='bbox 112 2199 410 2294; x_wconf 77' lang='lat' dir='ltr'><em>ieexturbandi,</em></span> <span class='ocrx_word' id='word_1_106' title='bbox 429 2195 551 2308; x_wconf 70' lang='lat' dir='ltr'><em>quim</em></span> <span class='ocrx_word' id='word_1_107' title='bbox 570 2197 741 2277; x_wconf 88' lang='lat' dir='ltr'><strong>malefici</strong></span> <span class='ocrx_word' id='word_1_108' title='bbox 761 2200 862 2306; x_wconf 88' lang='lat' dir='ltr'><em>regis</em></span> <span class='ocrx_word' id='word_1_109' title='bbox 881 2200 1073 2308; x_wconf 90' lang='lat' dir='ltr'><em>puniendi</em></span> <span class='ocrx_word' id='word_1_110' title='bbox 1088 2201 1151 2279; x_wconf 91' lang='lat' dir='ltr'><em>vel</em></span> <span class='ocrx_word' id='word_1_111' title='bbox 1166 2199 1233 2281; x_wconf 81' lang='lat' dir='ltr'><em>htc</em></span> 
     </span>
     <span class='ocr_line' id='line_1_16' title="bbox 112 2309 1235 2420; baseline -0.001 -27"><span class='ocrx_word' id='word_1_112' title='bbox 112 2311 146 2394; x_wconf 81' lang='lat' dir='ltr'><em>el</em></span> <span class='ocrx_word' id='word_1_113' title='bbox 169 2311 252 2391; x_wconf 79' lang='lat' dir='ltr'><em>illic</em></span> <span class='ocrx_word' id='word_1_114' title='bbox 278 2312 430 2392; x_wconf 92' lang='lat' dir='ltr'><em>mentio</em></span> <span class='ocrx_word' id='word_1_115' title='bbox 456 2309 557 2389; x_wconf 67' lang='lat' dir='ltr'><em>fasta</em></span> <span class='ocrx_word' id='word_1_116' title='bbox 587 2309 657 2389; x_wconf 91' lang='lat' dir='ltr'><em>est.</em></span> <span class='ocrx_word' id='word_1_117' title='bbox 716 2312 757 2390; x_wconf 89' lang='lat' dir='ltr'><em>Si</em></span> <span class='ocrx_word' id='word_1_118' title='bbox 785 2311 901 2419; x_wconf 85' lang='lat' dir='ltr'><em>leprae</em></span> <span class='ocrx_word' id='word_1_119' title='bbox 920 2310 1073 2417; x_wconf 90' lang='lat' dir='ltr'><em>judicio</em></span> <span class='ocrx_word' id='word_1_120' title='bbox 1099 2339 1235 2420; x_wconf 90' lang='lat' dir='ltr'><em>regem</em></span> 
     </span>
     <span class='ocr_line' id='line_1_17' title="bbox 112 2423 1233 2532; baseline -0.002 -27"><span class='ocrx_word' id='word_1_121' title='bbox 112 2423 208 2505; x_wconf 83' lang='lat' dir='ltr'><em>timi</em></span> <span class='ocrx_word' id='word_1_122' title='bbox 223 2450 303 2502; x_wconf 94' lang='lat' dir='ltr'><em>non</em></span> <span class='ocrx_word' id='word_1_123' title='bbox 317 2425 390 2517; x_wconf 92' lang='lat' dir='ltr'><em>vis,</em></span> <span class='ocrx_word' id='word_1_124' title='bbox 408 2424 502 2531; x_wconf 85' lang='lat' dir='ltr'><em>quia</em></span> <span class='ocrx_word' id='word_1_125' title='bbox 518 2423 755 2503; x_wconf 88' lang='lat' dir='ltr'><em>nominatim</em></span> <span class='ocrx_word' id='word_1_126' title='bbox 772 2450 849 2501; x_wconf 94' lang='lat' dir='ltr'><em>non</em></span> <span class='ocrx_word' id='word_1_127' title='bbox 865 2424 1077 2532; x_wconf 84' lang='lat' dir='ltr'><em>excipitur,</em></span> <span class='ocrx_word' id='word_1_128' title='bbox 1093 2423 1233 2503; x_wconf 68' lang='lat' dir='ltr'><em>eidem</em></span> 
     </span>
     <span class='ocr_line' id='line_1_18' title="bbox 112 2533 1233 2643; baseline -0.003 -26"><span class='ocrx_word' id='word_1_129' title='bbox 112 2533 188 2617; x_wconf 68' lang='lat' dir='ltr'><em>erte</em></span> <span class='ocrx_word' id='word_1_130' title='bbox 208 2537 356 2615; x_wconf 89' lang='lat' dir='ltr'><em>ratione</em></span> <span class='ocrx_word' id='word_1_131' title='bbox 377 2563 504 2643; x_wconf 90' lang='lat' dir='ltr'><em>neque</em></span> <span class='ocrx_word' id='word_1_132' title='bbox 523 2535 614 2614; x_wconf 91' lang='lat' dir='ltr'><em>ullis</em></span> <span class='ocrx_word' id='word_1_133' title='bbox 634 2535 719 2614; x_wconf 91' lang='lat' dir='ltr'><em>aliis</em></span> <span class='ocrx_word' id='word_1_134' title='bbox 739 2533 891 2642; x_wconf 89' lang='lat' dir='ltr'><em>legibus</em></span> <span class='ocrx_word' id='word_1_135' title='bbox 911 2554 978 2614; x_wconf 90' lang='lat' dir='ltr'><em>aut</em></span> <span class='ocrx_word' id='word_1_136' title='bbox 989 2535 1150 2640; x_wconf 89' lang='lat' dir='ltr'><em>judiciis</em></span> <span class='ocrx_word' id='word_1_137' title='bbox 1170 2564 1233 2614; x_wconf 91' lang='lat' dir='ltr'><em>re·</em></span> 
     </span>
     <span class='ocr_line' id='line_1_19' title="bbox 112 2647 1235 2756; baseline -0.004 -26"><span class='ocrx_word' id='word_1_138' title='bbox 112 2668 177 2730; x_wconf 76' lang='lat' dir='ltr'><em>em</em></span> <span class='ocrx_word' id='word_1_139' title='bbox 208 2649 416 2728; x_wconf 76' lang='lat' dir='ltr'><em>exemeris,</em></span> <span class='ocrx_word' id='word_1_140' title='bbox 477 2649 553 2725; x_wconf 89' lang='lat' dir='ltr'><em>Sed</em></span> <span class='ocrx_word' id='word_1_141' title='bbox 585 2648 701 2726; x_wconf 91' lang='lat' dir='ltr'><em>video</em></span> <span class='ocrx_word' id='word_1_142' title='bbox 731 2647 828 2755; x_wconf 94' lang='lat' dir='ltr'><em>quid</em></span> <span class='ocrx_word' id='word_1_143' title='bbox 862 2648 991 2754; x_wconf 86' lang='lat' dir='ltr'><em>agitis,</em></span> <span class='ocrx_word' id='word_1_144' title='bbox 1023 2666 1067 2726; x_wconf 89' lang='lat' dir='ltr'><em>ut</em></span> <span class='ocrx_word' id='word_1_145' title='bbox 1099 2675 1235 2756; x_wconf 88' lang='lat' dir='ltr'><em>regem</em></span> 
     </span>
     <span class='ocr_line' id='line_1_20' title="bbox 112 2757 1234 2868; baseline -0.003 -27"><span class='ocrx_word' id='word_1_146' title='bbox 112 2759 261 2841; x_wconf 79' lang='lat' dir='ltr'><em>namvis</em></span> <span class='ocrx_word' id='word_1_147' title='bbox 280 2759 404 2840; x_wconf 69' lang='lat' dir='ltr'><em>vestri</em></span> <span class='ocrx_word' id='word_1_148' title='bbox 424 2757 611 2839; x_wconf 70' lang='lat' dir='ltr'><em>sententid</em></span> <span class='ocrx_word' id='word_1_149' title='bbox 630 2759 873 2868; x_wconf 91' lang='lat' dir='ltr'><em>supremum,</em></span> <span class='ocrx_word' id='word_1_150' title='bbox 894 2759 1004 2839; x_wconf 91' lang='lat' dir='ltr'><em>vobis</em></span> <span class='ocrx_word' id='word_1_151' title='bbox 1025 2778 1156 2839; x_wconf 89' lang='lat' dir='ltr'><em>tamen</em></span> <span class='ocrx_word' id='word_1_152' title='bbox 1177 2758 1234 2838; x_wconf 88' lang='lat' dir='ltr'><em>sa-</em></span> 
     </span>
     <span class='ocr_line' id='line_1_21' title="bbox 112 2870 1237 2980; baseline -0.002 -26"><span class='ocrx_word' id='word_1_153' title='bbox 112 2870 307 2954; x_wconf 74' lang='lat' dir='ltr'><em>trdotibus</em></span> <span class='ocrx_word' id='word_1_154' title='bbox 327 2870 550 2977; x_wconf 85' lang='lat' dir='ltr'><em>subjiciatis,</em></span> <span class='ocrx_word' id='word_1_155' title='bbox 571 2890 693 2978; x_wconf 92' lang='lat' dir='ltr'><em>utque</em></span> <span class='ocrx_word' id='word_1_156' title='bbox 708 2899 778 2950; x_wconf 84' lang='lat' dir='ltr'><em>rex</em></span> <span class='ocrx_word' id='word_1_157' title='bbox 794 2873 835 2949; x_wconf 93' lang='lat' dir='ltr'><em>in</em></span> <span class='ocrx_word' id='word_1_158' title='bbox 848 2871 1045 2980; x_wconf 92' lang='lat' dir='ltr'><em>populum</em></span> <span class='ocrx_word' id='word_1_159' title='bbox 1061 2871 1237 2953; x_wconf 92' lang='lat' dir='ltr'><em>absoluto</em></span> 
     </span>
     <span class='ocr_line' id='line_1_22' title="bbox 112 2981 1237 3094; baseline 0 -30"><span class='ocrx_word' id='word_1_160' title='bbox 112 3006 203 3094; x_wconf 60' lang='lat' dir='ltr'><em>‚true</em></span> <span class='ocrx_word' id='word_1_161' title='bbox 222 2981 405 3093; x_wconf 90' lang='lat' dir='ltr'><em>supremo</em></span> <span class='ocrx_word' id='word_1_162' title='bbox 432 2984 700 3063; x_wconf 88' lang='lat' dir='ltr'><em>dominaretur</em></span> <span class='ocrx_word' id='word_1_163' title='bbox 728 2984 912 3092; x_wconf 91' lang='lat' dir='ltr'><em>imperio,</em></span> <span class='ocrx_word' id='word_1_164' title='bbox 938 3010 1008 3064; x_wconf 88' lang='lat' dir='ltr'><em>vos</em></span> <span class='ocrx_word' id='word_1_165' title='bbox 1033 2983 1237 3065; x_wconf 84' lang='lat' dir='ltr'><em>sacrificuli</em></span> 
     </span>
     <span class='ocr_line' id='line_1_23' title="bbox 112 3094 1236 3206; baseline 0 -30"><span class='ocrx_word' id='word_1_166' title='bbox 112 3120 265 3206; x_wconf 80' lang='lat' dir='ltr'><em>rpremo</em></span> <span class='ocrx_word' id='word_1_167' title='bbox 292 3094 506 3205; x_wconf 88' lang='lat' dir='ltr'><em>superiores</em></span> <span class='ocrx_word' id='word_1_168' title='bbox 525 3096 667 3175; x_wconf 91' lang='lat' dir='ltr'><em>eodem</em></span> <span class='ocrx_word' id='word_1_169' title='bbox 687 3097 856 3204; x_wconf 92' lang='lat' dir='ltr'><em>imperio</em></span> <span class='ocrx_word' id='word_1_170' title='bbox 875 3095 1178 3176; x_wconf 89' lang='lat' dir='ltr'><em>dominaremini</em></span> <span class='ocrx_word' id='word_1_171' title='bbox 1194 3098 1236 3176; x_wconf 93' lang='lat' dir='ltr'><em>in</em></span> 
     </span>
     <span class='ocr_line' id='line_1_24' title="bbox 112 3205 1237 3317; baseline 0 -29"><span class='ocrx_word' id='word_1_172' title='bbox 112 3232 234 3317; x_wconf 69' lang='lat' dir='ltr'><em>egem.</em></span> <span class='ocrx_word' id='word_1_173' title='bbox 271 3205 480 3315; x_wconf 83' lang='lat' dir='ltr'><em>Consenstes,</em></span> <span class='ocrx_word' id='word_1_174' title='bbox 494 3208 638 3314; x_wconf 89' lang='lat' dir='ltr'><em>inquis,</em></span> <span class='ocrx_word' id='word_1_175' title='bbox 645 3208 776 3316; x_wconf 84' lang='lat' dir='ltr'><em>populi</em></span> <span class='ocrx_word' id='word_1_176' title='bbox 786 3223 823 3285; x_wconf 86' lang='lat' dir='ltr'><em>et</em></span> <span class='ocrx_word' id='word_1_177' title='bbox 838 3207 1078 3312; x_wconf 84' lang='lat' dir='ltr'><em>inauguratio</em></span> <span class='ocrx_word' id='word_1_178' title='bbox 1089 3226 1237 3289; x_wconf 86' lang='lat' dir='ltr'><em>tuntum</em></span> 
     </span>
     <span class='ocr_line' id='line_1_25' title="bbox 112 3318 1236 3430; baseline 0.001 -31"><span class='ocrx_word' id='word_1_179' title='bbox 112 3318 262 3428; x_wconf 70' lang='lat' dir='ltr'><em>dj‘undlu</em></span> <span class='ocrx_word' id='word_1_180' title='bbox 278 3319 603 3430; x_wconf 74' lang='lat' dir='ltr'><em>necfferiasudre.</em></span> <span class='ocrx_word' id='word_1_181' title='bbox 644 3321 738 3398; x_wconf 94' lang='lat' dir='ltr'><em>Hoc</em></span> <span class='ocrx_word' id='word_1_182' title='bbox 756 3320 796 3397; x_wconf 91' lang='lat' dir='ltr'><em>in</em></span> <span class='ocrx_word' id='word_1_183' title='bbox 809 3319 937 3412; x_wconf 84' lang='lat' dir='ltr'><em>Saule,</em></span> <span class='ocrx_word' id='word_1_184' title='bbox 952 3320 1122 3413; x_wconf 89' lang='lat' dir='ltr'><em>Davide,</em></span> <span class='ocrx_word' id='word_1_185' title='bbox 1137 3321 1236 3426; x_wconf 89' lang='lat' dir='ltr'><em>ejus-</em></span> 
     </span>
     <span class='ocr_line' id='line_1_26' title="bbox 112 3430 1235 3542; baseline 0.001 -29"><span class='ocrx_word' id='word_1_186' title='bbox 112 3458 163 3514; x_wconf 82' lang='lat' dir='ltr'><em>uc</em></span> <span class='ocrx_word' id='word_1_187' title='bbox 181 3430 343 3542; x_wconf 88' lang='lat' dir='ltr'><em>posteris</em></span> <span class='ocrx_word' id='word_1_188' title='bbox 363 3432 551 3524; x_wconf 93' lang='lat' dir='ltr'><em>concedo,</em></span> <span class='ocrx_word' id='word_1_189' title='bbox 571 3432 620 3510; x_wconf 95' lang='lat' dir='ltr'><em>de</em></span> <span class='ocrx_word' id='word_1_190' title='bbox 640 3430 784 3539; x_wconf 89' lang='lat' dir='ltr'><em>quibus</em></span> <span class='ocrx_word' id='word_1_191' title='bbox 805 3432 1042 3510; x_wconf 90' lang='lat' dir='ltr'><em>nominatim</em></span> <span class='ocrx_word' id='word_1_192' title='bbox 1062 3434 1235 3514; x_wconf 90' lang='lat' dir='ltr'><em>creandis</em></span> 
     </span>
     <span class='ocr_line' id='line_1_27' title="bbox 112 3542 1237 3651; baseline 0.004 -31"><span class='ocrx_word' id='word_1_193' title='bbox 112 3545 167 3625; x_wconf 72' lang='lat' dir='ltr'><em>lei</em></span> <span class='ocrx_word' id='word_1_194' title='bbox 186 3544 418 3624; x_wconf 90' lang='lat' dir='ltr'><em>mandatum</em></span> <span class='ocrx_word' id='word_1_195' title='bbox 437 3542 684 3651; x_wconf 83' lang='lat' dir='ltr'><em>praecefferat.</em></span> <span class='ocrx_word' id='word_1_196' title='bbox 742 3543 810 3621; x_wconf 91' lang='lat' dir='ltr'><em>Tu</em></span> <span class='ocrx_word' id='word_1_197' title='bbox 831 3543 938 3621; x_wconf 91' lang='lat' dir='ltr'><em>idem</em></span> <span class='ocrx_word' id='word_1_198' title='bbox 950 3544 998 3622; x_wconf 92' lang='lat' dir='ltr'><em>de</em></span> <span class='ocrx_word' id='word_1_199' title='bbox 1013 3543 1157 3624; x_wconf 90' lang='lat' dir='ltr'><em>Carolo</em></span> <span class='ocrx_word' id='word_1_200' title='bbox 1169 3566 1237 3625; x_wconf 91' lang='lat' dir='ltr'><em>aut</em></span> 
     </span>
     <span class='ocr_line' id='line_1_28' title="bbox 112 3654 1237 3766; baseline -0.001 -29"><span class='ocrx_word' id='word_1_201' title='bbox 112 3654 175 3737; x_wconf 88' lang='lat' dir='ltr'><em>llis</em></span> <span class='ocrx_word' id='word_1_202' title='bbox 193 3655 277 3761; x_wconf 86' lang='lat' dir='ltr'><em>ejus</em></span> <span class='ocrx_word' id='word_1_203' title='bbox 296 3654 508 3760; x_wconf 90' lang='lat' dir='ltr'><em>majoribus</em></span> <span class='ocrx_word' id='word_1_204' title='bbox 527 3655 699 3735; x_wconf 90' lang='lat' dir='ltr'><em>ostende.</em></span> <span class='ocrx_word' id='word_1_205' title='bbox 760 3657 859 3748; x_wconf 89' lang='lat' dir='ltr'><em>Rex,</em></span> <span class='ocrx_word' id='word_1_206' title='bbox 879 3656 949 3749; x_wconf 90' lang='lat' dir='ltr'><em>ais,</em></span> <span class='ocrx_word' id='word_1_207' title='bbox 969 3683 1154 3765; x_wconf 84' lang='lat' dir='ltr'><em>nunquam</em></span> <span class='ocrx_word' id='word_1_208' title='bbox 1167 3673 1237 3766; x_wconf 86' lang='lat' dir='ltr'><em>pe-</em></span> 
     </span>
     <span class='ocr_line' id='line_1_29' title="bbox 112 3766 1238 3879; baseline 0.001 -31"><span class='ocrx_word' id='word_1_209' title='bbox 112 3767 181 3879; x_wconf 59' lang='grc' dir='ltr'><em>’ῃὰ</em></span> <span class='ocrx_word' id='word_1_210' title='bbox 199 3796 282 3848; x_wconf 86' lang='lat' dir='ltr'><em>cum</em></span> <span class='ocrx_word' id='word_1_211' title='bbox 294 3769 427 3877; x_wconf 88' lang='lat' dir='ltr'><em>populo</em></span> <span class='ocrx_word' id='word_1_212' title='bbox 448 3783 492 3846; x_wconf 91' lang='lat' dir='ltr'><em>ut</em></span> <span class='ocrx_word' id='word_1_213' title='bbox 517 3767 577 3846; x_wconf 87' lang='lat' dir='ltr'><em>illi</em></span> <span class='ocrx_word' id='word_1_214' title='bbox 598 3796 677 3848; x_wconf 87' lang='lat' dir='ltr'><em>eum</em></span> <span class='ocrx_word' id='word_1_215' title='bbox 701 3766 974 3875; x_wconf 57' lang='lat' dir='ltr'><em>castrgarentst</em></span> <span class='ocrx_word' id='word_1_216' title='bbox 993 3769 1107 3848; x_wconf 75' lang='lat' dir='ltr'><em>alrler</em></span> <span class='ocrx_word' id='word_1_217' title='bbox 1129 3798 1238 3878; x_wconf 84' lang='lat' dir='ltr'><em>quum</em></span> 
     </span>
     <span class='ocr_line' id='line_1_30' title="bbox 112 3879 1238 3991; baseline 0 -29"><span class='ocrx_word' id='word_1_218' title='bbox 112 3880 172 3962; x_wconf 68' lang='lat' dir='ltr'><em>tul</em></span> <span class='ocrx_word' id='word_1_219' title='bbox 189 3897 350 3988; x_wconf 85' lang='lat' dir='ltr'><em>regeret.</em></span> <span class='ocrx_word' id='word_1_220' title='bbox 410 3880 556 3986; x_wconf 86' lang='lat' dir='ltr'><em>Neque</em></span> <span class='ocrx_word' id='word_1_221' title='bbox 583 3879 754 3990; x_wconf 85' lang='lat' dir='ltr'><em>populus</em></span> <span class='ocrx_word' id='word_1_222' title='bbox 777 3907 871 3959; x_wconf 90' lang='lat' dir='ltr'><em>cum</em></span> <span class='ocrx_word' id='word_1_223' title='bbox 899 3906 991 3987; x_wconf 86' lang='lat' dir='ltr'><em>rege</em></span> <span class='ocrx_word' id='word_1_224' title='bbox 1011 3881 1179 3991; x_wconf 89' lang='lat' dir='ltr'><em>pepigit,</em></span> <span class='ocrx_word' id='word_1_225' title='bbox 1200 3881 1238 3962; x_wconf 91' lang='lat' dir='ltr'><em>se</em></span> 
     </span>
     <span class='ocr_line' id='line_1_31' title="bbox 113 3990 1239 4102; baseline 0.001 -29"><span class='ocrx_word' id='word_1_226' title='bbox 113 3993 146 4073; x_wconf 91' lang='lat' dir='ltr'><em>li</em></span> <span class='ocrx_word' id='word_1_227' title='bbox 175 3992 367 4102; x_wconf 89' lang='lat' dir='ltr'><em>quicquid</em></span> <span class='ocrx_word' id='word_1_228' title='bbox 398 3991 622 4071; x_wconf 90' lang='lat' dir='ltr'><em>collibitum</em></span> <span class='ocrx_word' id='word_1_229' title='bbox 652 3992 709 4071; x_wconf 91' lang='lat' dir='ltr'><em>est</em></span> <span class='ocrx_word' id='word_1_230' title='bbox 742 3990 917 4085; x_wconf 90' lang='lat' dir='ltr'><em>facienti,</em></span> <span class='ocrx_word' id='word_1_231' title='bbox 945 3994 985 4070; x_wconf 93' lang='lat' dir='ltr'><em>in</em></span> <span class='ocrx_word' id='word_1_232' title='bbox 1021 3994 1239 4102; x_wconf 85' lang='lat' dir='ltr'><em>perniciem</em></span> 
     </span>
     <span class='ocr_line' id='line_1_32' title="bbox 112 4102 1239 4214; baseline 0 -28"><span class='ocrx_word' id='word_1_233' title='bbox 112 4130 196 4187; x_wconf 77' lang='lat' dir='ltr'><em>inm</em></span> <span class='ocrx_word' id='word_1_234' title='bbox 209 4102 560 4214; x_wconf 89' lang='lat' dir='ltr'><em>obtemperaturos.</em></span> <span class='ocrx_word' id='word_1_235' title='bbox 609 4104 756 4211; x_wconf 85' lang='lat' dir='ltr'><em>Neque</em></span> <span class='ocrx_word' id='word_1_236' title='bbox 771 4103 864 4182; x_wconf 77' lang='lat' dir='ltr'><em>vero</em></span> <span class='ocrx_word' id='word_1_237' title='bbox 880 4105 920 4182; x_wconf 91' lang='lat' dir='ltr'><em>in</em></span> <span class='ocrx_word' id='word_1_238' title='bbox 937 4105 1089 4213; x_wconf 89' lang='lat' dir='ltr'><em>privato</em></span> <span class='ocrx_word' id='word_1_239' title='bbox 1101 4109 1239 4212; x_wconf 91' lang='lat' dir='ltr'><em>quovis</em></span> 
     </span>
     <span class='ocr_line' id='line_1_33' title="bbox 112 4213 1238 4326; baseline 0 -27"><span class='ocrx_word' id='word_1_240' title='bbox 112 4213 321 4326; x_wconf 82' lang='lat' dir='ltr'><em>mgtapho,</em></span> <span class='ocrx_word' id='word_1_241' title='bbox 335 4215 439 4295; x_wconf 92' lang='lat' dir='ltr'><em>ullus</em></span> <span class='ocrx_word' id='word_1_242' title='bbox 454 4242 629 4323; x_wconf 90' lang='lat' dir='ltr'><em>unquam</em></span> <span class='ocrx_word' id='word_1_243' title='bbox 643 4215 798 4326; x_wconf 85' lang='lat' dir='ltr'><em>pepigit</em></span> <span class='ocrx_word' id='word_1_244' title='bbox 809 4233 854 4295; x_wconf 92' lang='lat' dir='ltr'><em>ut</em></span> <span class='ocrx_word' id='word_1_245' title='bbox 864 4217 1121 4297; x_wconf 85' lang='lat' dir='ltr'><em>creditoribus</em></span> <span class='ocrx_word' id='word_1_246' title='bbox 1141 4218 1238 4299; x_wconf 88' lang='lat' dir='ltr'><em>lice-</em></span> 
     </span>
     <span class='ocr_line' id='line_1_34' title="bbox 112 4326 1241 4437; baseline 0.002 -29"><span class='ocrx_word' id='word_1_247' title='bbox 112 4348 161 4424; x_wconf 81' lang='lat' dir='ltr'><em>et,</em></span> <span class='ocrx_word' id='word_1_248' title='bbox 180 4327 210 4408; x_wconf 83' lang='lat' dir='ltr'><strong>fi</strong></span> <span class='ocrx_word' id='word_1_249' title='bbox 229 4329 262 4409; x_wconf 89' lang='lat' dir='ltr'><em>is</em></span> <span class='ocrx_word' id='word_1_250' title='bbox 281 4327 462 4407; x_wconf 93' lang='lat' dir='ltr'><em>debitum</em></span> <span class='ocrx_word' id='word_1_251' title='bbox 482 4356 560 4407; x_wconf 94' lang='lat' dir='ltr'><em>non</em></span> <span class='ocrx_word' id='word_1_252' title='bbox 578 4326 755 4420; x_wconf 89' lang='lat' dir='ltr'><em>solveret,</em></span> <span class='ocrx_word' id='word_1_253' title='bbox 776 4327 863 4435; x_wconf 88' lang='lat' dir='ltr'><em>lege</em></span> <span class='ocrx_word' id='word_1_254' title='bbox 883 4326 924 4406; x_wconf 92' lang='lat' dir='ltr'><em>in</em></span> <span class='ocrx_word' id='word_1_255' title='bbox 944 4356 1039 4408; x_wconf 91' lang='lat' dir='ltr'><em>eum</em></span> <span class='ocrx_word' id='word_1_256' title='bbox 1054 4355 1184 4437; x_wconf 89' lang='lat' dir='ltr'><em>agere,</em></span> <span class='ocrx_word' id='word_1_257' title='bbox 1201 4349 1241 4410; x_wconf 95' lang='lat' dir='ltr'><em>et</em></span> 
     </span>
     <span class='ocr_line' id='line_1_35' title="bbox 112 4438 1240 4549; baseline 0.002 -29"><span class='ocrx_word' id='word_1_258' title='bbox 112 4466 126 4520; x_wconf 78' lang='grc' dir='ltr'><strong>ι</strong></span> <span class='ocrx_word' id='word_1_259' title='bbox 145 4467 345 4520; x_wconf 88' lang='lat' dir='ltr'><em>carcerem</em></span> <span class='ocrx_word' id='word_1_260' title='bbox 364 4439 572 4544; x_wconf 91' lang='lat' dir='ltr'><em>conjicere,</em></span> <span class='ocrx_word' id='word_1_261' title='bbox 591 4439 747 4548; x_wconf 88' lang='lat' dir='ltr'><em>ejusque</em></span> <span class='ocrx_word' id='word_1_262' title='bbox 767 4438 870 4520; x_wconf 85' lang='lat' dir='ltr'><em>bona</em></span> <span class='ocrx_word' id='word_1_263' title='bbox 889 4440 1094 4549; x_wconf 84' lang='lat' dir='ltr'><em>posfidere,</em></span> <span class='ocrx_word' id='word_1_264' title='bbox 1110 4443 1240 4548; x_wconf 90' lang='lat' dir='ltr'><em>quoad</em></span> 
     </span>
     <span class='ocr_line' id='line_1_36' title="bbox 112 4549 1241 4662; baseline 0 -29"><span class='ocrx_word' id='word_1_265' title='bbox 112 4550 204 4633; x_wconf 77' lang='lat' dir='ltr'><em>lene</em></span> <span class='ocrx_word' id='word_1_266' title='bbox 223 4551 294 4631; x_wconf 88' lang='lat' dir='ltr'><em>fibi</em></span> <span class='ocrx_word' id='word_1_267' title='bbox 313 4549 552 4632; x_wconf 61' lang='lat' dir='ltr'><em>satisfactum</em></span> <span class='ocrx_word' id='word_1_268' title='bbox 579 4551 684 4631; x_wconf 83' lang='lat' dir='ltr'><em>effet.</em></span> <span class='ocrx_word' id='word_1_269' title='bbox 744 4553 842 4632; x_wconf 85' lang='lat' dir='ltr'><em>Haec</em></span> <span class='ocrx_word' id='word_1_270' title='bbox 862 4572 901 4631; x_wconf 93' lang='lat' dir='ltr'><em>et</em></span> <span class='ocrx_word' id='word_1_271' title='bbox 920 4551 1136 4632; x_wconf 90' lang='lat' dir='ltr'><em>istiusmodi</em></span> <span class='ocrx_word' id='word_1_272' title='bbox 1155 4581 1241 4662; x_wconf 85' lang='lat' dir='ltr'><em>quae</em></span> 
     </span>
     <span class='ocr_line' id='line_1_37' title="bbox 112 4662 1241 4774; baseline 0 -29"><span class='ocrx_word' id='word_1_273' title='bbox 112 4663 268 4769; x_wconf 85' lang='lat' dir='ltr'><em>ccidere&#39;</em></span> <span class='ocrx_word' id='word_1_274' title='bbox 292 4664 503 4757; x_wconf 89' lang='lat' dir='ltr'><em>nollemus,</em></span> <span class='ocrx_word' id='word_1_275' title='bbox 533 4664 574 4742; x_wconf 91' lang='lat' dir='ltr'><em>in</em></span> <span class='ocrx_word' id='word_1_276' title='bbox 604 4665 849 4774; x_wconf 61' lang='lat' dir='ltr'><em>pactionibus</em></span> <span class='ocrx_word' id='word_1_277' title='bbox 879 4684 919 4744; x_wconf 94' lang='lat' dir='ltr'><em>et</em></span> <span class='ocrx_word' id='word_1_278' title='bbox 947 4662 1159 4745; x_wconf 88' lang='lat' dir='ltr'><em>foederibus</em></span> <span class='ocrx_word' id='word_1_279' title='bbox 1178 4666 1241 4746; x_wconf 87' lang='lat' dir='ltr'><em>vel</em></span> 
     </span>
     <span class='ocr_line' id='line_1_38' title="bbox 112 4774 1241 4886; baseline -0.003 -27"><span class='ocrx_word' id='word_1_280' title='bbox 112 4776 246 4869; x_wconf 80' lang='lat' dir='ltr'><em>onorio</em></span> <span class='ocrx_word' id='word_1_281' title='bbox 267 4775 381 4858; x_wconf 67' lang='lat' dir='ltr'><em>cauld</em></span> <span class='ocrx_word' id='word_1_282' title='bbox 396 4775 460 4856; x_wconf 87' lang='lat' dir='ltr'><em>vel</em></span> <span class='ocrx_word' id='word_1_283' title='bbox 479 4775 572 4856; x_wconf 91' lang='lat' dir='ltr'><em>boni</em></span> <span class='ocrx_word' id='word_1_284' title='bbox 592 4778 737 4858; x_wconf 91' lang='lat' dir='ltr'><em>ominis</em></span> <span class='ocrx_word' id='word_1_285' title='bbox 755 4774 932 4858; x_wconf 88' lang='lat' dir='ltr'><em>consulto</em></span> <span class='ocrx_word' id='word_1_286' title='bbox 950 4804 1030 4857; x_wconf 95' lang='lat' dir='ltr'><em>non</em></span> <span class='ocrx_word' id='word_1_287' title='bbox 1048 4778 1241 4886; x_wconf 85' lang='lat' dir='ltr'><em>exprimi·</em></span> 
     </span>
    </p>
   </div>
   <div class='ocr_carea' id='block_1_3' title="bbox 0 0 1451 5204">
    <p class='ocr_par' dir='ltr' id='par_1_3' title="bbox 0 0 1451 5204">
     <span class='ocr_line' id='line_1_39' title="bbox 0 0 1451 5204; baseline 0 0"><span class='ocrx_word' id='word_1_288' title='bbox 0 0 1451 5204; x_wconf 95' lang='lat' dir='ltr'><em> </em></span> 
     </span>
    </p>
   </div>
  </div>
 </body>
</html>
