2888 5204
444 574 718 712 Responsr0‚
745 603 835 674 etc.
1138 615 1217 698 ²27

114 751 229 834 tradito
248 751 450 862 ostracffmo
469 752 789 863 Mentffroffirnum
808 750 1038 858 interfecdre.
1099 751 1217 829 Inau·

114 894 168 946 :us
188 867 257 946 ille
282 867 447 974 quidem
474 865 718 946 ostracismus
741 866 812 973 qui
834 863 1012 973 patibulo
1036 861 1219 942 homines

114 976 205 1085 igit.
267 979 378 1058 Nam
398 978 462 1057 vel
481 976 618 1058 sciolos
633 1005 712 1056 non
733 975 837 1082 fugit
849 975 1119 1055 ostracismum
1138 1002 1218 1054 non

114 1092 215 1183 artis,
238 1089 302 1169 sed
321 1090 569 1198 relegationis
589 1117 712 1196 genus
732 1087 859 1167 fuiffe.
919 1090 1052 1195 Reges,
1073 1088 1219 1195 inquis,

114 1200 126 1276 l
136 1202 317 1311 potestate
329 1203 462 1312 populi
477 1202 667 1283 collocatos
678 1200 803 1310 pejori
818 1199 1015 1280 conditione
1037 1197 1137 1279 nobis
1154 1227 1217 1278 re-

114 1312 280 1420 aesentar,
300 1313 410 1424 qudm
433 1344 479 1393 ex
495 1314 627 1424 populo
652 1311 819 1418 universo
837 1310 1101 1421 perditffmos.
1160 1312 1217 1390 At

114 1424 126 1504 l
145 1426 217 1506 ista
235 1427 461 1506 conditione
477 1427 559 1505 noli
576 1443 751 1504 metuere
768 1427 896 1532 utqui
915 1426 1046 1532 Reges
1067 1425 1107 1503 in
1127 1422 1217 1532 pos-

114 1565 195 1618 um
211 1537 286 1618 effe
301 1539 445 1631 velint;
467 1556 587 1617 utcun
619 1566 668 1615 ue
684 1538 792 1615 enim
805 1564 884 1615 non
899 1537 1215 1643 deeruntReges.

114 1670 216 1730 etera
233 1648 349 1755 hujus
369 1651 523 1758 capitis,
546 1567 625 1758 qud
651 1648 761 1742 seria,
788 1646 866 1755 qua
891 1649 1054 1742 ludicra,
1079 1646 1218 1727 insulsa

114 1791 162 1842 eo
177 1781 217 1841 et
236 1761 392 1841 inficeta
412 1763 513 1855 sunt,
528 1780 573 1841 ut
590 1761 771 1869 quamvis
791 1758 893 1840 nihil
908 1759 1010 1839 mihi
1030 1759 1216 1853 tribuam,

114 1875 171 1954 ‚od
199 1902 276 1953 non
311 1874 528 1954 admodum
561 1875 754 1980 exiguum
783 1872 842 1966 fit,
870 1874 1057 1981 poeniteat
1083 1891 1216 1952 tamen

114 2013 350 2093 ›ununquam
366 2005 405 2066 et
424 1985 523 2095 pene
544 1984 776 2094 suppudeat,
792 2013 886 2064 cum
904 1983 1119 2064 adversario
1134 2003 1217 2064 tam

114 2095 169 2177 hit
191 2126 330 2178 manus
354 2098 596 2178 conseruisse.
658 2097 859 2177 Postremo
886 2096 992 2177 casus
1015 2096 1073 2176 sui
1094 2098 1217 2204 Regis

114 2236 200 2290 aves
213 2209 301 2289 sane
313 2211 551 2318 etTragicos
567 2210 874 2289 adComoediam
890 2210 1047 2316 redigit.
1079 2208 1219 2316 Jovem

114 2321 303 2415 ulterum,
335 2321 636 2432 Amphytrionem
667 2322 869 2415 maritum,
906 2322 1145 2401 Mercurium
1180 2339 1217 2399 et

114 2433 202 2526 fiam
221 2435 362 2527 servos,
379 2434 500 2543 steper
518 2431 647 2513 mundi
661 2430 864 2514 Theatrum
881 2435 977 2540 agit.
1038 2433 1112 2512 Nil
1128 2432 1216 2542 pos-

114 2573 151 2625 m
168 2542 310 2626 rectius
325 2544 453 2626 facere
472 2543 593 2653 quam
617 2564 661 2625 ut
686 2545 903 2626 istiusmodi
921 2544 1042 2624 fraces
1062 2563 1218 2654 praeter-

114 2685 177 2752 m,
208 2686 302 2737 nam
318 2659 358 2736 in
378 2656 585 2738 hominem
606 2655 687 2737 tam
704 2657 867 2738 stultum
883 2678 922 2738 et
936 2656 1081 2736 nullius
1101 2657 1217 2766 pretii

114 2770 257 2877 :icquid
277 2789 345 2850 aut
359 2769 457 2850 serio
473 2771 618 2850 dixeris
638 2788 706 2850 aut
718 2770 825 2876 joco,
846 2789 886 2850 et
904 2798 1066 2878 operam
1086 2769 1217 2879 perdi-

114 2882 168 2961 ris
198 2900 238 2960 et
264 2881 395 2964 salem.
457 2881 612 2962 Praestat
645 2901 776 2962 tamen
800 2881 907 2962 hunc
939 2881 1000 2960 vel
1028 2882 1217 2961 incassum

114 2990 269 3087 fricare,
296 2991 417 3102 quim
442 2994 685 3103 responfione
711 2993 805 3073 licet
832 2994 1055 3102 indignum,
1088 2993 1218 3073 nostro

114 3132 198 3185 nen
215 3105 367 3186 filentio
386 3124 607 3186 tumentem
624 3127 663 3186 et
675 3106 958 3212 jadiabundum
973 3105 1185 3186 dimittere.

503 3496 636 3576 CAP.
670 3497 784 3575 VII.¹

268 3669 438 3748 nocuus
465 3669 645 3779 opusculi
675 3671 731 3750 tui
763 3669 974 3750 futiliffimi
1003 3670 1216 3751 dimidium

114 3672 262 4058 Q
295 3783 575 3888 percurrimus,
588 3801 882 3891 etquamquam
899 3804 937 3863 te
952 3781 1041 3893 pllts
1056 3782 1142 3862 satis
1154 3782 1216 3860 in-

292 3893 470 3987 doctum,
488 3893 713 4003 infipidum,
735 3895 936 3988 soloecum,
953 3914 1216 4004 arrogantem,

292 4023 332 4084 et
343 4005 577 4112 languidum
583 4006 820 4111 jamdudum
832 4009 1068 4102 invenimus,
1083 4028 1214 4087 tamen

114 4112 147 4194 ro
166 4112 322 4223 longius
350 4119 614 4225 procedimus,
638 4146 686 4197 eo
715 4119 879 4212 inanior,
900 4148 1026 4229 eoque
1044 4120 1221 4226 jejunior·

114 4253 219 4334 uper
232 4229 418 4322 occurris,
432 4248 471 4308 et
487 4249 623 4338 praeter
641 4229 777 4337 adagia
795 4231 975 4338 quaedam
994 4252 1033 4312 et
1051 4229 1217 4311 disticha

117 4338 238 4444 lgata,
254 4367 341 4447 quae
354 4343 597 4434 memoriter,
610 4342 741 4433 credo,
756 4342 1029 4424 elementarius
1045 4372 1141 4453 puer
1154 4344 1215 4423 di-

114 4477 229 4544 smas,
255 4479 419 4561 quaeque
447 4483 493 4532 ne
521 4474 664 4560 negent
687 4452 788 4534 forte
812 4456 994 4536 Lectores
1014 4457 1077 4536 vel
1100 4455 1218 4534 semi-

115 4561 272 4643 ctutum
298 4582 335 4643 te
362 4565 452 4660 effe,
474 4595 543 4674 per
571 4564 628 4645 fas
655 4584 695 4644 et
724 4564 831 4647 nefas
857 4568 1020 4649 inserere
1050 4565 1215 4658 laboras,

114 4691 243 4755 teram
267 4703 430 4756 omnem
459 4680 815 4785 Argumentorum,
844 4678 988 4775 sensus,
1014 4677 1215 4759 latinitatis

114 4786 317 4896 rpufillam
341 4816 539 4871 annonam
565 4790 776 4871 exhaufiffe
799 4791 953 4873 videris.
1015 4787 1134 4870 Nihil
1162 4787 1222 4869 est
